2348 4238
40 267 43 287 ·
105 263 173 339 ..¹40
229 242 585 327 vaersrotauuu
611 242 678 317 rm
703 242 918 316 arricum
1033 280 1036 291 ·

98 427 173 477 rum
190 402 350 492 interest,
373 404 435 477 std-
451 404 551 487 etiam
574 402 618 494 ii,
640 404 698 501 qui
721 404 776 477 illa
799 430 870 477 non
896 404 1053 501 probant}

98 514 162 587 otii
175 515 270 587 causa
284 511 476 587 confirmari
489 515 604 587 velint.
621 515 715 612 quod
725 520 802 587 crsm
816 515 862 587 ita
876 514 936 605 lit,
953 531 1052 589 tamen

97 620 231 699 interest
245 622 377 711 nostra,
399 623 557 701 Plancum
572 624 639 694 hoc
653 623 767 715 animp
778 622 904 711 libenti,
914 624 1055 722 prolixo·
1094 704 1097 721 Ι

96 745 164 830 'que
179 731 298 804 facere.
324 734 417 829 quod
434 752 524 805 certe
540 731 661 823 saciet,
687 732 711 805 li
726 752 763 805 tu
778 734 941 808 nervulos
963 751 1056 824 tuos,

97 840 181 925 mihi
195 841 290 938 saepe
304 843 481 939 cognitos,
499 839 758 940 suavitatemque
773 899 784 933 ,
805 868 870 941 qua
882 867 988 917 nemo
1000 843 1055 916 ribi

96 951 245 1053 petest,
261 952 456 1027 adhibueris.
480 955 575 1052 quod
595 971 632 1026 ut
653 952 775 1041 facias,
797 978 831 1027 te
844 954 1057 1030 vehementer

98 1087 197 1162 rogo
197 1162 437 1236 CICERO
467 1163 509 1236 C
543 1160 901 1235 CUPIENNIO
935 1167 970 1237 S

32 1438 35 1446 ,
99 1201 338 1434 PATREM
356 1373 451 1429 tuum
466 1355 599 1453 plurimi
612 1353 700 1428 feci
690 1334 907 1453 ,mequeille
922 1353 1062 1447 mirifice

98 1482 133 1541 et
150 1467 282 1555 coluit,
303 1484 337 1536 et
355 1465 506 1551 amavit,
529 1489 591 1537 nec
609 1463 798 1537 mehercule
817 1490 967 1565 unquam
983 1464 1061 1537 mihi

99 1518 310 1647 ‘dubiumstiit
320 1572 677 1673 ,quinatediligeren
692 1573 898 1698 egoquidem
911 1572 1062 1655 idsacere

99 1688 170 1754 ¹non
187 1678 303 1752 desliti
330 1685 550 1780 quamobrem
573 1700 652 1780 peto
668 1698 732 1754 ate
748 1681 783 1752 in
803 1682 970 1756 maiorem
992 1706 1062 1755 mo·

99 1791 205 1880 dum,
220 1807 256 1862 ut
273 1791 444 1865 civitatem
457 1794 667 1865 Buthrotiam
681 1792 852 1881 subleves,
874 1793 1060 1867 decretum·

97 1924 164 1998 que
179 1896 360 1972 consulum
366 1902 537 2001 ,''quod11
554 1890 735 1974 secundum
761 1903 961 1977 Buthrotios
976 1903 1060 1977 sece-

97 2008 202 2101 runt,
215 2037 293 2085 cum
307 2026 340 2086 et
359 2012 453 2117 lege,
468 2030 501 2087 et
525 2012 811 2118 senatusconsulto
822 2011 985 2087 statuendi
998 2036 1058 2112 po·
1095 2090 1097 2105 Ι

98 2119 248 2194 testatem
272 2114 451 2211 haberent,
471 2127 528 2198 des
548 2149 710 2221 operam,
731 2139 768 2195 ut
795 2122 935 2197 Plancus
960 2120 1062 2195 noster

99 2256 354 2330 quamprimum
365 2231 542 2306 confirmet
555 2251 588 2305 et
602 2233 812 2331 comprobet.
834 2235 902 2308 hoc
914 2254 950 2306 te
962 2232 1058 2309 vehe
1095 2236 1097 2271 ³

98 2344 248 2430 menter,
266 2369 312 2415 mi
302 2334 495 2440 Cupierini
504 2397 516 2431 ,
533 2343 632 2416 etiam
645 2361 744 2442 atque
759 2343 856 2433 etiam
870 2367 972 2441 rogo.

100 2476 342 2596 clerano
367 2523 617 2594 PLANCO
648 2522 857 2594 ranas.
882 2522 1058 2607 pass

99 2621 328 2799 IGNOSCE
339 2716 442 2806 mihi,
461 2718 555 2813 quod
569 2731 755 2790 cumantea
771 2706 1010 2790 accuratissime
1022 2716 1060 2789 de

99 2829 281 2909 Buthrotiis
296 2830 338 2900 ad
354 2849 387 2902 te
401 2829 598 2925 scripserim,
612 2829 726 2899 eadem
741 2828 783 2899 de
796 2853 831 2899 re
829 2825 977 2925 saepius
989 2827 1062 2901 scri·

99 2940 188 3015 burm
211 2965 279 3033 non
294 2940 504 3029 mehercule,
517 2962 565 3007 nu
554 2936 716 3021 Plance
731 2935 823 3007 facio
834 2960 934 3034 ,quo
942 2960 1061 3063 parum

99 3028 267 3139 confidam
283 3073 339 3124 aut
351 3050 538 3123 liberalitati
555 3065 650 3134 tuae,
668 3065 724 3121 aut
742 3038 870 3121 nostrae
884 3048 1064 3132 amicitiaec

99 3162 156 3236 sed
169 3187 247 3234 cum
264 3178 355 3234 tanta
377 3187 429 3234 res
458 3178 572 3258 agatur
594 3162 696 3245 Attici
717 3159 846 3250 nostri,
866 3184 959 3231 nunc
984 3181 1063 3267 veto

100 3270 202 3344 etiam
207 3264 435 3361 existimatio,
454 3286 490 3341 ut
502 3268 559 3359 id,
573 3270 667 3367 quod
681 3268 839 3365 probavit
846 3267 994 3358 Caesar,
1007 3262 1065 3349 no·

100 3380 152 3455 bis
175 3378 333 3468 testibus,
357 3397 391 3452 et
403 3378 693 3476 obsignatoribus,
719 3377 825 3475 quiet
845 3377 1009 3463 decretis,
1034 3391 1064 3451 et

99 3488 262 3586 responsis
279 3488 428 3562 Caesaris
450 3488 723 3574 interfueramus,
750 3485 902 3559 videatur
915 3485 1065 3568 obtinere

100 3597 267 3693 potuisse,
294 3595 484 3695 praesertim
500 3611 663 3673 cumttota
676 3590 819 3688 poteslas
842 3590 993 3665 eius'rei
1016 3609 1067 3663 tut

100 3708 162 3800 fit,
188 3724 225 3783 ut
248 3733 311 3800 ea,
347 3732 432 3806 quae
457 3703 609 3814 consules
627 3702 859 3785 ‚decreverunt
875 3699 1067 3791 ,secundun
