2362 4238
338 232 1068 362 annnoruu.'sm5

96 437 133 494 et
141 416 221 493 inte
233 415 494 508 consumunnu‚
506 437 544 492 ur
558 419 708 495 venirem
715 420 761 492 ad·
770 419 802 493 se
815 445 844 493 a.
858 419 974 496 dvm
990 423 1068 498 Kal.

96 533 189 602 Sext.
202 529 296 627 quod
308 553 393 626 ego,
419 546 457 601 ut
469 529 593 618 debui,
611 527 679 602 sine
693 554 789 602 mora
802 527 879 614 feci.
901 529 990 603 Cum
1003 557 1068 608 au·
1134 524 1156 615 s

95 657 169 712 tem
182 637 366 728 venissem,
382 637 485 711 Casca
501 640 636 730 aderat,
654 657 687 710 et
702 637 841 730 labeo,
858 658 892 712 et
903 640 1066 736 Scaptius.

96 751 214 824 Arilla
229 752 364 842 retulit,
388 748 640 850 quaesivitque„
663 750 825 847 quidnam
838 748 921 821 mihi
931 749 1066 822 videre-

99 875 176 931 tur:
193 858 471 933 arcesseremusne
484 876 537 944 te,
556 877 657 956 atque
672 858 705 929 id
719 856 779 929 tibi
791 858 983 938 conducere
1000 884 1066 954 pu·
1092 954 1097 964 Ι

98 985 272 1054 taremus3
287 985 331 1044 an
352 972 481 1043 tardare
500 986 535 1044 et
561 967 766 1044 commorari
781 986 815 1041 te
837 969 957 1043 melius
975 968 1066 1043 esset.

101 1082 276 1180 Respondi
286 1084 335 1173 id,
347 1084 441 1184 quod
450 1081 630 1155 sentiebam
640 1100 673 1154 et
683 1079 847 1178 dignitati,
859 1098 892 1153 et
904 1077 1068 1153 existima·

99 1196 187 1268 tioni
200 1214 276 1268 tuae
288 1193 431 1289 maxime
444 1193 646 1283 conducere,
659 1209 692 1264 te
706 1192 818 1288 primo
832 1215 967 1288 quoque
982 1210 1065 1264 tom·

98 1327 183 1400 pore
192 1302 279 1378 serre
292 1303 486 1401 praefidium
494 1304 616 1376 labenti
625 1321 658 1375 et
668 1301 840 1375 inclinatae
855 1291 1070 1398 reipublicae

103 1413 198 1506 Quid
224 1414 314 1486 enim
327 1413 437 1487 abesse
459 1416 572 1488 censes
587 1414 664 1486 mali
689 1413 724 1485 in
741 1438 785 1485 eo
811 1413 922 1502 bello,
946 1413 1066 1510 inquo

99 1523 246 1608 viliores
257 1523 418 1597 exercitus
443 1523 623 1622 fugientem
637 1513 767 1599 hostem
785 1523 937 1621 persequi
950 1523 1068 1597 nolue-

100 1632 199 1704 runt?
218 1651 253 1705 et
263 1633 298 1703 in
310 1657 381 1735 quo
392 1631 589 1706 incolumis
581 1650 781 1726 imperator,
796 1631 993 1713 honoribus
998 1639 1067 1705 al'n·
1127 1641 1140 1655 ’“

102 1744 268 1841 piissimis,
277 1738 488 1843 sortumscpre
498 1770 667 1834 mammas
688 1746 845 1843 coniuge,
859 1743 987 1834 liberis,
1001 1769 1067 1817 vo·

100 1853 482 1948 hisaffinibusomatus,
506 1857 630 1930 bellum
651 1858 875 1954 reipublicae·
868 1858 1064 1933 indixerit?

104 1966 199 2057 Quid
215 1965 358 2038 dicam
349 1989 500 2043 intanto
523 1969 650 2041 senatus
674 1968 867 2064 populique.
884 1968 1068 2059 consensu,

104 2072 189 2149 cuni·
195 2074 324 2149 tantum
338 2076 476 2155 refide'at
485 2079 575 2152 intra
591 2104 706 2154 muros
719 2080 821 2151 rnalil
840 2079 992 2152 maximo
1009 2082 1069 2152 au.-
1085 2106 1093 2127 ι

105 2180 168 2262 sem
180 2186 380 2281 ‚'-··cu'mlaa'ec·
394 2193 602 2284 scribebam,
615 2192 942 2295 afficiebandolore,
961 2195 1067 2290 quod,
1131 2209 1132 2213 ’

105 2327 178 2376 eum
194 2318 248 2376 me
255 2311 326 2402 *pro
344 2298 590 2380 adolescentulo
603 2330 644 2378 ac
657 2328 763 2403 paene
782 2326 890 2402 puero
903 2296 1069 2401 respuitis-⁷⁵

105 2428 138 2485 ea
156 2417 331 2512 accepisset
347 2419 494 2509 uadem,
513 2420 575 2490 vin
592 2412 757 2507 videbar}
769 2456 771 2461 ·
785 2417 1068 2514 quodpromisu

108 2548 170 2598 ram
184 2527 379 2627 praestare
383 2528 489 2626 posse.
508 2527 563 2599 Est
576 2544 701 2601 autem
700 2525 837 2625 gravior
853 2524 1068 2607 etdifficilioe

109 2637 205 2708 animi
227 2656 262 2711 et
279 2638 491 2730 sententiae,¹
507 2639 659 2713 maximis
680 2639 903 2755 praesemina
885 2668 930 2713 ιιι
950 2642 1073 2726 rebna,

109 2748 309 2843 proditero,
310 2776 411 2848 quam
426 2753 598 2850 pecuniae,
611 2754 798 2853 'obligatio
794 2744 988 2830 meeum
1002 2752 1069 2825 sol·

109 2856 281 2955 vipereis,
290 2852 458 2934 eteslrei
464 2862 635 2937 familiaris
649 2865 768 2937 iallura
781 2851 985 2948 tolerabilia;
1000 2864 1068 2936 reia

110 2970 253 3065 pilulicae
266 2971 618 3068 quodspopondesia'5
639 2961 1069 3071 padumnodumsolvae,

112 3078 191 3151 nist
183 3106 212 3152 rs
226 3081 370 3176 dependi
385 3081 480 3154 facile
493 3083 634 3178 patitur,
660 3106 725 3178 pro
740 3104 811 3178 quo
825 3078 1069 3177 spoponderis?
1137 3133 1138 3136 =

111 3212 304 3294 quamquam
318 3209 352 3263 et
364 3191 454 3263 hunc
470 3191 525 3289 (nt
538 3189 657 3289 spero)
680 3189 803 3263 tenebo
821 3188 932 3262 multis
950 3213 1071 3288 repug·
1115 3225 1117 3231 ι

109 3302 270 3375 nantibus.
283 3302 417 3394 videtur
431 3305 530 3395 enim
531 3304 570 3399 in
581 3329 625 3376 eo
639 3301 705 3376 esse
717 3301 874 3407 indoles·
901 3302 957 3376 sed
971 3299 1072 3376 flexi·

107 3407 176 3484 hilis
201 3429 287 3485 aetas
295 3412 489 3510 ‚multique
511 3386 563 3486 ad
574 3385 833 3511 depravandum
849 3415 977 3512 parati,
996 3413 1070 3512 qui,

108 3518 282 3615 splendore
309 3522 375 3594 falsi
391 3525 530 3598 honoris
547 3526 707 3616 obiedlo,
731 3526 837 3598 aciem
854 3525 958 3597 boni
950 3526 1073 3624 ingenii

108 3629 300 3730 praestringi
326 3631 417 3730 posse
443 3633 627 3708 confidunt.
655 3639 766 3734 ltaque
787 3637 827 3708 ad
847 3635 994 3734 reliquos
1014 3637 1071 3710 hic

108 3763 244 3844 quoque
257 3742 354 3820 labor
366 3743 449 3817 mihi
462 3743 615 3834 accessu,
635 3765 673 3819 ut
687 3769 806 3819 omncs
820 3745 991 3823 adhibeam
1001 3770 1070 3821 ma·
