<?xml version="1.0" encoding="UTF-8"?>
<!DOCTYPE html PUBLIC "-//W3C//DTD XHTML 1.0 Transitional//EN"
    "http://www.w3.org/TR/xhtml1/DTD/xhtml1-transitional.dtd">
<html xmlns="http://www.w3.org/1999/xhtml" xml:lang="en" lang="en">
 <head>
  <title>
</title>
<meta http-equiv="Content-Type" content="text/html;charset=utf-8" />
  <meta name='ocr-system' content='tesseract 3.04.00' />
  <meta name='ocr-capabilities' content='ocr_page ocr_carea ocr_par ocr_line ocrx_word'/>
</head>
<body>
  <div class='ocr_page' id='page_1' title='image "./mtulliiciceroni02plutgoog/mtulliiciceroni02plutgoog_0349.png"; bbox 0 0 2362 4238; ppageno 0'>
   <div class='ocr_carea' id='block_1_1' title="bbox 83 248 1069 348">
    <p class='ocr_par' dir='ltr' id='par_1_1' title="bbox 83 248 1069 348">
     <span class='ocr_line' id='line_1_1' title="bbox 83 248 1069 348; baseline 0.006 -27"><span class='ocrx_word' id='word_1_1' title='bbox 83 248 91 267; x_wconf 64' lang='lat'>²</span> <span class='ocrx_word' id='word_1_2' title='bbox 185 249 982 348; x_wconf 61' lang='lat' dir='ltr'><em>„0··cousotsrrog</em></span> <span class='ocrx_word' id='word_1_3' title='bbox 1064 251 1069 259; x_wconf 84' lang='lat'>·</span> 
     </span>
    </p>
   </div>
   <div class='ocr_carea' id='block_1_2' title="bbox 153 411 1145 843">
    <p class='ocr_par' dir='ltr' id='par_1_2' title="bbox 179 411 1145 516">
     <span class='ocr_line' id='line_1_2' title="bbox 179 411 1145 516; baseline 0.01 -35"><span class='ocrx_word' id='word_1_4' title='bbox 179 415 328 483; x_wconf 87' lang='lat' dir='ltr'><em>rationem</em></span> <span class='ocrx_word' id='word_1_5' title='bbox 337 418 468 506; x_wconf 84' lang='lat' dir='ltr'><em>procliui</em></span> <span class='ocrx_word' id='word_1_6' title='bbox 474 465 485 498; x_wconf 90' lang='lat'>,</span> <span class='ocrx_word' id='word_1_7' title='bbox 500 411 552 503; x_wconf 63' lang='grc' dir='ltr'><em>δ’,</em></span> <span class='ocrx_word' id='word_1_8' title='bbox 564 419 648 510; x_wconf 84' lang='lat' dir='ltr'><em>quod</em></span> <span class='ocrx_word' id='word_1_9' title='bbox 659 438 753 506; x_wconf 85' lang='lat' dir='ltr'><em>caput</em></span> <span class='ocrx_word' id='word_1_10' title='bbox 764 418 821 516; x_wconf 86' lang='grc' dir='ltr'><em>ιβ,</em></span> <span class='ocrx_word' id='word_1_11' title='bbox 836 423 977 514; x_wconf 75' lang='lat' dir='ltr'><em>ingrato,</em></span> <span class='ocrx_word' id='word_1_12' title='bbox 992 445 1072 491; x_wconf 87' lang='lat' dir='ltr'><em>nuru</em></span> <span class='ocrx_word' id='word_1_13' title='bbox 1085 423 1145 490; x_wconf 89' lang='lat' dir='ltr'><em>ali·</em></span> 
     </span>
    </p>

    <p class='ocr_par' dir='ltr' id='par_1_3' title="bbox 153 523 1141 843">
     <span class='ocr_line' id='line_1_3' title="bbox 153 523 1141 623; baseline 0.008 -32"><span class='ocrx_word' id='word_1_14' title='bbox 153 570 156 583; x_wconf 55' lang='grc' dir='ltr'><em>ι</em></span> <span class='ocrx_word' id='word_1_15' title='bbox 177 528 305 616; x_wconf 80' lang='lat' dir='ltr'><em>quando</em></span> <span class='ocrx_word' id='word_1_16' title='bbox 323 527 429 596; x_wconf 89' lang='lat' dir='ltr'><em>beatus</em></span> <span class='ocrx_word' id='word_1_17' title='bbox 449 523 504 623; x_wconf 77' lang='lat' dir='ltr'><em>effe</em></span> <span class='ocrx_word' id='word_1_18' title='bbox 517 528 659 619; x_wconf 68' lang='lat' dir='ltr'><em>poterit?</em></span> <span class='ocrx_word' id='word_1_19' title='bbox 672 554 717 609; x_wconf 86' lang='lat' dir='ltr'><em>an</em></span> <span class='ocrx_word' id='word_1_20' title='bbox 736 532 866 618; x_wconf 73' lang='lat' dir='ltr'><em>polius,</em></span> <span class='ocrx_word' id='word_1_21' title='bbox 881 531 1003 622; x_wconf 84' lang='lat' dir='ltr'><em>quoties</em></span> <span class='ocrx_word' id='word_1_22' title='bbox 1024 533 1061 599; x_wconf 82' lang='lat' dir='ltr'><em>ele</em></span> <span class='ocrx_word' id='word_1_23' title='bbox 1079 535 1141 600; x_wconf 89' lang='lat' dir='ltr'><em>eius</em></span> 
     </span>
     <span class='ocr_line' id='line_1_4' title="bbox 178 624 1140 734; baseline 0.011 -32"><span class='ocrx_word' id='word_1_24' title='bbox 178 624 293 713; x_wconf 77' lang='lat' dir='ltr'><em>natura</em></span> <span class='ocrx_word' id='word_1_25' title='bbox 306 638 475 731; x_wconf 79' lang='lat' dir='ltr'><em>cogitabit,</em></span> <span class='ocrx_word' id='word_1_26' title='bbox 491 641 579 709; x_wconf 86' lang='lat' dir='ltr'><em>toties</em></span> <span class='ocrx_word' id='word_1_27' title='bbox 596 637 694 729; x_wconf 87' lang='lat' dir='ltr'><em>suam</em></span> <span class='ocrx_word' id='word_1_28' title='bbox 709 639 771 731; x_wconf 84' lang='lat' dir='ltr'><em>ipse</em></span> <span class='ocrx_word' id='word_1_29' title='bbox 791 645 1002 713; x_wconf 70' lang='lat' dir='ltr'><em>calamitatem</em></span> <span class='ocrx_word' id='word_1_30' title='bbox 1025 643 1140 734; x_wconf 83' lang='lat' dir='ltr'><em>acfor-</em></span> 
     </span>
     <span class='ocr_line' id='line_1_5' title="bbox 178 751 934 843; baseline 0.008 -28"><span class='ocrx_word' id='word_1_31' title='bbox 178 767 290 816; x_wconf 85' lang='lat' dir='ltr'><em>runam</em></span> <span class='ocrx_word' id='word_1_32' title='bbox 303 751 523 840; x_wconf 75' lang='lat' dir='ltr'><em>eonque&#39;rerur?</em></span> <span class='ocrx_word' id='word_1_33' title='bbox 528 751 685 842; x_wconf 68' lang='lat' dir='ltr'><em>praeclare</em></span> <span class='ocrx_word' id='word_1_34' title='bbox 705 773 790 821; x_wconf 84' lang='lat' dir='ltr'><em>uetus</em></span> <span class='ocrx_word' id='word_1_35' title='bbox 805 774 898 843; x_wconf 85' lang='lat' dir='ltr'><em>poeta</em></span> <span class='ocrx_word' id='word_1_36' title='bbox 912 777 934 823; x_wconf 21' lang='lat' dir='ltr'><em>:A</em></span> 
     </span>
    </p>
   </div>
   <div class='ocr_carea' id='block_1_3' title="bbox 154 895 962 973">
    <p class='ocr_par' dir='ltr' id='par_1_4' title="bbox 154 895 962 973">
     <span class='ocr_line' id='line_1_6' title="bbox 154 895 962 973; baseline 0.007 -9"><span class='ocrx_word' id='word_1_37' title='bbox 154 900 157 905; x_wconf 88' lang='grc'><strong>’</strong></span> <span class='ocrx_word' id='word_1_38' title='bbox 224 896 371 968; x_wconf 82' lang='lat' dir='ltr'><em>Aeterno</em></span> <span class='ocrx_word' id='word_1_39' title='bbox 384 895 519 968; x_wconf 82' lang='lat' dir='ltr'>mixtam</span> <span class='ocrx_word' id='word_1_40' title='bbox 533 896 620 969; x_wconf 67' lang='lat' dir='ltr'><em>luliu</em></span> <span class='ocrx_word' id='word_1_41' title='bbox 639 896 834 972; x_wconf 84' lang='lat' dir='ltr'>mortalibus</span> <span class='ocrx_word' id='word_1_42' title='bbox 855 895 962 973; x_wconf 85' lang='lat' dir='ltr'><em>vitam</em></span> 
     </span>
    </p>
   </div>
   <div class='ocr_carea' id='block_1_4' title="bbox 137 1004 1172 1117">
    <p class='ocr_par' dir='ltr' id='par_1_5' title="bbox 137 1004 1172 1117">
     <span class='ocr_line' id='line_1_7' title="bbox 137 1004 1172 1117; baseline 0.002 -29"><span class='ocrx_word' id='word_1_43' title='bbox 137 1102 141 1110; x_wconf 27' lang='lat'>¹</span> <span class='ocrx_word' id='word_1_44' title='bbox 188 1004 196 1025; x_wconf 83' lang='lat'><em>&#39;</em></span> <span class='ocrx_word' id='word_1_45' title='bbox 223 1015 317 1086; x_wconf 88' lang='lat' dir='ltr'><strong>Olim</strong></span> <span class='ocrx_word' id='word_1_46' title='bbox 331 1014 501 1090; x_wconf 80' lang='lat' dir='ltr'><em>constituit·</em></span> <span class='ocrx_word' id='word_1_47' title='bbox 514 1016 631 1092; x_wconf 88' lang='lat' dir='ltr'><em>divum</em></span> <span class='ocrx_word' id='word_1_48' title='bbox 644 1036 754 1116; x_wconf 89' lang='lat' dir='ltr'><em>pater,</em></span> <span class='ocrx_word' id='word_1_49' title='bbox 769 1006 866 1117; x_wconf 79' lang='lat' dir='ltr'><em>atque</em></span> <span class='ocrx_word' id='word_1_50' title='bbox 878 1017 1057 1092; x_wconf 79' lang='lat' dir='ltr'><em>hominum</em></span> <span class='ocrx_word' id='word_1_51' title='bbox 1069 1034 1133 1092; x_wconf 78' lang='lat' dir='ltr'><em>rex.</em></span> <span class='ocrx_word' id='word_1_52' title='bbox 1169 1008 1172 1117; x_wconf 68' lang='grc' dir='ltr'>ξ</span> 
     </span>
    </p>
   </div>
   <div class='ocr_carea' id='block_1_5' title="bbox 63 1185 1172 3786">
    <p class='ocr_par' dir='ltr' id='par_1_6' title="bbox 174 1185 1132 1392">
     <span class='ocr_line' id='line_1_8' title="bbox 175 1185 1132 1281; baseline 0.002 -29"><span class='ocrx_word' id='word_1_53' title='bbox 175 1185 285 1276; x_wconf 88' lang='lat' dir='ltr'><em>Itaque</em></span> <span class='ocrx_word' id='word_1_54' title='bbox 308 1189 458 1281; x_wconf 83' lang='lat' dir='ltr'><em>quamdiu</em></span> <span class='ocrx_word' id='word_1_55' title='bbox 478 1185 535 1254; x_wconf 87' lang='lat' dir='ltr'><em>leat</em></span> <span class='ocrx_word' id='word_1_56' title='bbox 553 1187 773 1274; x_wconf 74' lang='lat' dir='ltr'><em>lucrabimur,</em></span> <span class='ocrx_word' id='word_1_57' title='bbox 789 1188 885 1257; x_wconf 83' lang='lat' dir='ltr'><em>uiuere</em></span> <span class='ocrx_word' id='word_1_58' title='bbox 905 1187 1030 1278; x_wconf 81' lang='lat' dir='ltr'><em>quidem</em></span> <span class='ocrx_word' id='word_1_59' title='bbox 1053 1187 1132 1255; x_wconf 64' lang='lat' dir='ltr'><em>urile·</em></span> 
     </span>
     <span class='ocr_line' id='line_1_9' title="bbox 174 1297 1132 1392; baseline 0 -25"><span class='ocrx_word' id='word_1_60' title='bbox 174 1297 330 1389; x_wconf 83' lang='lat' dir='ltr'><em>mur‚sed</em></span> <span class='ocrx_word' id='word_1_61' title='bbox 338 1302 436 1368; x_wconf 82' lang='lat' dir='ltr'><em>uerius</em></span> <span class='ocrx_word' id='word_1_62' title='bbox 448 1297 560 1392; x_wconf 86' lang='lat' dir='ltr'><em>affldue</em></span> <span class='ocrx_word' id='word_1_63' title='bbox 569 1298 734 1385; x_wconf 82' lang='lat' dir='ltr'><em>morimur,</em></span> <span class='ocrx_word' id='word_1_64' title='bbox 748 1298 925 1391; x_wconf 85' lang='lat' dir='ltr'><em>autsaltem</em></span> <span class='ocrx_word' id='word_1_65' title='bbox 938 1301 1038 1371; x_wconf 79' lang='lat' dir='ltr'><em>ritant</em></span> <span class='ocrx_word' id='word_1_66' title='bbox 1051 1300 1132 1369; x_wconf 82' lang='lat' dir='ltr'><em>uerbo</em></span> 
     </span>
    </p>

    <p class='ocr_par' dir='ltr' id='par_1_7' title="bbox 69 1405 1132 1502">
     <span class='ocr_line' id='line_1_10' title="bbox 69 1405 1132 1502; baseline -0.004 -24"><span class='ocrx_word' id='word_1_67' title='bbox 69 1424 80 1435; x_wconf 84' lang='lat'><em>&#39;</em></span> <span class='ocrx_word' id='word_1_68' title='bbox 171 1411 359 1493; x_wconf 83' lang='lat' dir='ltr'><em>retinemus,</em></span> <span class='ocrx_word' id='word_1_69' title='bbox 373 1407 483 1498; x_wconf 85' lang='lat' dir='ltr'><em>reipsa</em></span> <span class='ocrx_word' id='word_1_70' title='bbox 498 1405 666 1502; x_wconf 72' lang='lat' dir='ltr'><em>amfimus.</em></span> <span class='ocrx_word' id='word_1_71' title='bbox 684 1409 838 1501; x_wconf 83' lang='lat' dir='ltr'><em>Equidem</em></span> <span class='ocrx_word' id='word_1_72' title='bbox 861 1434 928 1476; x_wconf 92' lang='lat' dir='ltr'><em>non</em></span> <span class='ocrx_word' id='word_1_73' title='bbox 943 1407 1132 1498; x_wconf 82' lang='lat' dir='ltr'><em>uideo‚quil</em></span> 
     </span>
    </p>

    <p class='ocr_par' dir='ltr' id='par_1_8' title="bbox 120 1505 1172 2156">
     <span class='ocr_line' id='line_1_11' title="bbox 120 1505 1172 1613; baseline -0.002 -28"><span class='ocrx_word' id='word_1_74' title='bbox 120 1505 124 1514; x_wconf 53' lang='grc'><em>’</em></span> <span class='ocrx_word' id='word_1_75' title='bbox 175 1519 211 1585; x_wconf 86' lang='lat' dir='ltr'><em>in</em></span> <span class='ocrx_word' id='word_1_76' title='bbox 233 1518 370 1585; x_wconf 86' lang='lat' dir='ltr'><em>bominis</em></span> <span class='ocrx_word' id='word_1_77' title='bbox 395 1517 461 1586; x_wconf 80' lang='lat' dir='ltr'><em>uita</em></span> <span class='ocrx_word' id='word_1_78' title='bbox 479 1519 569 1586; x_wconf 81' lang='lat' dir='ltr'><em>ualde</em></span> <span class='ocrx_word' id='word_1_79' title='bbox 584 1520 781 1608; x_wconf 83' lang='lat' dir='ltr'><em>optandum,</em></span> <span class='ocrx_word' id='word_1_80' title='bbox 795 1539 851 1587; x_wconf 88' lang='lat' dir='ltr'><em>aut</em></span> <span class='ocrx_word' id='word_1_81' title='bbox 866 1516 953 1609; x_wconf 85' lang='lat' dir='ltr'><em>felix</em></span> <span class='ocrx_word' id='word_1_82' title='bbox 967 1513 1021 1613; x_wconf 80' lang='lat' dir='ltr'><em>effe</em></span> <span class='ocrx_word' id='word_1_83' title='bbox 1034 1515 1132 1611; x_wconf 84' lang='lat' dir='ltr'><em>poffit.</em></span> <span class='ocrx_word' id='word_1_84' title='bbox 1170 1558 1172 1607; x_wconf 69' lang='grc' dir='ltr'>Ι</span> 
     </span>
     <span class='ocr_line' id='line_1_12' title="bbox 173 1618 1172 1720; baseline -0.002 -25"><span class='ocrx_word' id='word_1_85' title='bbox 173 1630 288 1696; x_wconf 89' lang='lat' dir='ltr'><em>multos</em></span> <span class='ocrx_word' id='word_1_86' title='bbox 304 1627 433 1717; x_wconf 82' lang='lat' dir='ltr'><em>potius,</em></span> <span class='ocrx_word' id='word_1_87' title='bbox 447 1652 487 1693; x_wconf 90' lang='lat' dir='ltr'><em>ne</em></span> <span class='ocrx_word' id='word_1_88' title='bbox 500 1627 541 1693; x_wconf 82' lang='lat' dir='ltr'><em>in</em></span> <span class='ocrx_word' id='word_1_89' title='bbox 562 1630 698 1715; x_wconf 87' lang='lat' dir='ltr'><em>maiora,</em></span> <span class='ocrx_word' id='word_1_90' title='bbox 712 1654 807 1720; x_wconf 85' lang='lat' dir='ltr'><em>quarn</em></span> <span class='ocrx_word' id='word_1_91' title='bbox 822 1653 899 1720; x_wconf 87' lang='lat' dir='ltr'><em>quae</em></span> <span class='ocrx_word' id='word_1_92' title='bbox 915 1627 1058 1695; x_wconf 85' lang='lat' dir='ltr'><em>bumana</em></span> <span class='ocrx_word' id='word_1_93' title='bbox 1071 1651 1133 1694; x_wconf 88' lang='lat' dir='ltr'><em>con·</em></span> <span class='ocrx_word' id='word_1_94' title='bbox 1170 1618 1172 1661; x_wconf 81' lang='lat'><strong>¹</strong></span> 
     </span>
     <span class='ocr_line' id='line_1_13' title="bbox 163 1728 1133 1829; baseline -0.003 -25"><span class='ocrx_word' id='word_1_95' title='bbox 163 1735 299 1825; x_wconf 85' lang='lat' dir='ltr'><em>suetudo</em></span> <span class='ocrx_word' id='word_1_96' title='bbox 319 1735 457 1825; x_wconf 81' lang='lat' dir='ltr'><em>quotidie</em></span> <span class='ocrx_word' id='word_1_97' title='bbox 464 1733 552 1823; x_wconf 80' lang='lat' dir='ltr'><em>ferr,</em></span> <span class='ocrx_word' id='word_1_98' title='bbox 564 1741 651 1805; x_wconf 89' lang='lat' dir='ltr'><em>mala</em></span> <span class='ocrx_word' id='word_1_99' title='bbox 674 1738 864 1826; x_wconf 81' lang='lat' dir='ltr'><em>inciderent,</em></span> <span class='ocrx_word' id='word_1_100' title='bbox 877 1728 1133 1829; x_wconf 74' lang='lat' dir='ltr'><em>momemfihiae·</em></span> 
     </span>
     <span class='ocr_line' id='line_1_14' title="bbox 172 1839 1131 1940; baseline -0.002 -28"><span class='ocrx_word' id='word_1_101' title='bbox 172 1846 240 1912; x_wconf 81' lang='lat' dir='ltr'><em>dita</em></span> <span class='ocrx_word' id='word_1_102' title='bbox 255 1869 344 1934; x_wconf 89' lang='lat' dir='ltr'><em>opera</em></span> <span class='ocrx_word' id='word_1_103' title='bbox 356 1839 531 1940; x_wconf 82' lang='lat' dir='ltr'><em>consciuiffe</em></span> <span class='ocrx_word' id='word_1_104' title='bbox 544 1845 621 1935; x_wconf 85' lang='lat' dir='ltr'><em>scio.</em></span> <span class='ocrx_word' id='word_1_105' title='bbox 639 1848 723 1938; x_wconf 85' lang='lat' dir='ltr'><em>quod</em></span> <span class='ocrx_word' id='word_1_106' title='bbox 733 1866 836 1913; x_wconf 88' lang='lat' dir='ltr'><em>tamen</em></span> <span class='ocrx_word' id='word_1_107' title='bbox 849 1868 915 1912; x_wconf 91' lang='lat' dir='ltr'><em>non</em></span> <span class='ocrx_word' id='word_1_108' title='bbox 936 1842 1051 1912; x_wconf 84' lang='lat' dir='ltr'><em>ideirco</em></span> <span class='ocrx_word' id='word_1_109' title='bbox 1072 1843 1131 1910; x_wconf 82' lang='lat' dir='ltr'><em>die·</em></span> 
     </span>
     <span class='ocr_line' id='line_1_15' title="bbox 172 1950 1131 2047; baseline -0.006 -23"><span class='ocrx_word' id='word_1_110' title='bbox 172 1978 238 2024; x_wconf 88' lang='lat' dir='ltr'><em>turn</em></span> <span class='ocrx_word' id='word_1_111' title='bbox 251 1952 364 2042; x_wconf 83' lang='lat' dir='ltr'><em>uelim,</em></span> <span class='ocrx_word' id='word_1_112' title='bbox 381 1956 454 2047; x_wconf 87' lang='lat' dir='ltr'><em>quia</em></span> <span class='ocrx_word' id='word_1_113' title='bbox 472 1957 672 2044; x_wconf 85' lang='lat' dir='ltr'><em>probandum</em></span> <span class='ocrx_word' id='word_1_114' title='bbox 681 1975 788 2047; x_wconf 85' lang='lat' dir='ltr'><em>putem</em></span> <span class='ocrx_word' id='word_1_115' title='bbox 800 1979 817 2036; x_wconf 90' lang='lat'><em>;</em></span> <span class='ocrx_word' id='word_1_116' title='bbox 824 1950 884 2043; x_wconf 84' lang='lat' dir='ltr'><em>sed</em></span> <span class='ocrx_word' id='word_1_117' title='bbox 893 2003 906 2037; x_wconf 90' lang='lat'><strong>,</strong></span> <span class='ocrx_word' id='word_1_118' title='bbox 918 1971 954 2019; x_wconf 85' lang='lat' dir='ltr'><em>ut</em></span> <span class='ocrx_word' id='word_1_119' title='bbox 973 1975 1017 2021; x_wconf 85' lang='lat' dir='ltr'><em>ex</em></span> <span class='ocrx_word' id='word_1_120' title='bbox 1029 1974 1064 2018; x_wconf 93' lang='grc' dir='ltr'><em>ιο</em></span> <span class='ocrx_word' id='word_1_121' title='bbox 1077 1975 1131 2041; x_wconf 89' lang='lat' dir='ltr'><em>ap·</em></span> 
     </span>
     <span class='ocr_line' id='line_1_16' title="bbox 164 2053 1162 2156; baseline -0.007 -23"><span class='ocrx_word' id='word_1_122' title='bbox 164 2075 297 2156; x_wconf 83' lang='lat' dir='ltr'><em>pareat,</em></span> <span class='ocrx_word' id='word_1_123' title='bbox 313 2065 453 2132; x_wconf 87' lang='lat' dir='ltr'><em>bumana</em></span> <span class='ocrx_word' id='word_1_124' title='bbox 478 2065 546 2131; x_wconf 83' lang='lat' dir='ltr'><em>uita</em></span> <span class='ocrx_word' id='word_1_125' title='bbox 560 2090 665 2156; x_wconf 86' lang='lat' dir='ltr'><em>-quam</em></span> <span class='ocrx_word' id='word_1_126' title='bbox 694 2063 804 2132; x_wconf 76' lang='lat' dir='ltr'><em>multis</em></span> <span class='ocrx_word' id='word_1_127' title='bbox 828 2053 963 2153; x_wconf 85' lang='lat' dir='ltr'><em>undique</em></span> <span class='ocrx_word' id='word_1_128' title='bbox 976 2081 1135 2152; x_wconf 78' lang='lat' dir='ltr'><em>prematur</em></span> <span class='ocrx_word' id='word_1_129' title='bbox 1158 2086 1162 2097; x_wconf 93' lang='lat'><em>·</em></span> 
     </span>
    </p>

    <p class='ocr_par' dir='ltr' id='par_1_9' title="bbox 133 2169 1133 2375">
     <span class='ocr_line' id='line_1_17' title="bbox 133 2169 1133 2267; baseline -0.006 -26"><span class='ocrx_word' id='word_1_130' title='bbox 133 2250 137 2265; x_wconf 35' lang='grc' dir='ltr'>Ι</span> <span class='ocrx_word' id='word_1_131' title='bbox 171 2174 416 2267; x_wconf 66' lang='lat' dir='ltr'><em>lfflcultatibus.</em></span> <span class='ocrx_word' id='word_1_132' title='bbox 436 2174 624 2258; x_wconf 86' lang='lat' dir='ltr'><em>Cleomenes,</em></span> <span class='ocrx_word' id='word_1_133' title='bbox 636 2169 951 2241; x_wconf 76' lang='lat' dir='ltr'><em>Lacedaemoniorum</em></span> <span class='ocrx_word' id='word_1_134' title='bbox 965 2194 1043 2255; x_wconf 87' lang='lat' dir='ltr'><em>rex,</em></span> <span class='ocrx_word' id='word_1_135' title='bbox 1056 2171 1133 2236; x_wconf 89' lang='lat' dir='ltr'><em>eius·</em></span> 
     </span>
     <span class='ocr_line' id='line_1_18' title="bbox 171 2270 1130 2375; baseline -0.006 -26"><span class='ocrx_word' id='word_1_136' title='bbox 171 2307 227 2375; x_wconf 84' lang='lat' dir='ltr'><em>que</em></span> <span class='ocrx_word' id='word_1_137' title='bbox 242 2282 355 2368; x_wconf 84' lang='lat' dir='ltr'><em>filius,</em></span> <span class='ocrx_word' id='word_1_138' title='bbox 377 2304 469 2350; x_wconf 87' lang='lat' dir='ltr'><em>morte</em></span> <span class='ocrx_word' id='word_1_139' title='bbox 495 2282 576 2347; x_wconf 86' lang='lat' dir='ltr'><em>ultro</em></span> <span class='ocrx_word' id='word_1_140' title='bbox 600 2270 768 2370; x_wconf 65' lang='lat' dir='ltr'><em>appetita}</em></span> <span class='ocrx_word' id='word_1_141' title='bbox 787 2299 939 2371; x_wconf 88' lang='lat' dir='ltr'><em>praeterea</em></span> <span class='ocrx_word' id='word_1_142' title='bbox 962 2277 1130 2371; x_wconf 74' lang='lat' dir='ltr'><em>Theogenes</em></span> 
     </span>
    </p>

    <p class='ocr_par' dir='ltr' id='par_1_10' title="bbox 88 2386 1133 3238">
     <span class='ocr_line' id='line_1_19' title="bbox 88 2386 1131 2482; baseline -0.005 -25"><span class='ocrx_word' id='word_1_143' title='bbox 88 2449 90 2452; x_wconf 70' lang='grc'>,</span> <span class='ocrx_word' id='word_1_144' title='bbox 173 2391 414 2474; x_wconf 84' lang='lat' dir='ltr'><em>Numantinus,</em></span> <span class='ocrx_word' id='word_1_145' title='bbox 427 2390 501 2479; x_wconf 87' lang='lat' dir='ltr'><em>qui,</em></span> <span class='ocrx_word' id='word_1_146' title='bbox 519 2413 558 2454; x_wconf 89' lang='lat' dir='ltr'><em>ne</em></span> <span class='ocrx_word' id='word_1_147' title='bbox 579 2388 616 2454; x_wconf 88' lang='lat' dir='ltr'><em>in</em></span> <span class='ocrx_word' id='word_1_148' title='bbox 640 2386 766 2482; x_wconf 77' lang='lat' dir='ltr'><em>bostium</em></span> <span class='ocrx_word' id='word_1_149' title='bbox 787 2399 903 2456; x_wconf 83' lang='lat' dir='ltr'><em>manus</em></span> <span class='ocrx_word' id='word_1_150' title='bbox 921 2387 1055 2472; x_wconf 83' lang='lat' dir='ltr'><em>ueniret,</em></span> <span class='ocrx_word' id='word_1_151' title='bbox 1062 2387 1131 2476; x_wconf 73' lang='lat' dir='ltr'><em>pri-</em></span> 
     </span>
     <span class='ocr_line' id='line_1_20' title="bbox 172 2491 1132 2593; baseline -0.006 -27"><span class='ocrx_word' id='word_1_152' title='bbox 172 2494 341 2585; x_wconf 84' lang='lat' dir='ltr'><em>ntumsuis</em></span> <span class='ocrx_word' id='word_1_153' title='bbox 357 2497 485 2581; x_wconf 86' lang='lat' dir='ltr'><em>,deinde</em></span> <span class='ocrx_word' id='word_1_154' title='bbox 500 2491 565 2593; x_wconf 85' lang='lat' dir='ltr'><em>fibi</em></span> <span class='ocrx_word' id='word_1_155' title='bbox 579 2491 639 2589; x_wconf 82' lang='lat' dir='ltr'><em>ipfi</em></span> <span class='ocrx_word' id='word_1_156' title='bbox 661 2515 785 2562; x_wconf 87' lang='lat' dir='ltr'><em>morrern</em></span> <span class='ocrx_word' id='word_1_157' title='bbox 810 2494 936 2577; x_wconf 80' lang='lat' dir='ltr'><em>attulit,</em></span> <span class='ocrx_word' id='word_1_158' title='bbox 950 2516 1132 2584; x_wconf 82' lang='lat' dir='ltr'><em>quantopere</em></span> 
     </span>
     <span class='ocr_line' id='line_1_21' title="bbox 166 2596 1130 2697; baseline -0.004 -26"><span class='ocrx_word' id='word_1_159' title='bbox 166 2607 238 2676; x_wconf 70' lang='lat' dir='ltr'><em>¹uita</em></span> <span class='ocrx_word' id='word_1_160' title='bbox 261 2603 417 2695; x_wconf 79' lang='lat' dir='ltr'><em>fugienda</em></span> <span class='ocrx_word' id='word_1_161' title='bbox 420 2600 468 2697; x_wconf 84' lang='lat' dir='ltr'><em>stt</em></span> <span class='ocrx_word' id='word_1_162' title='bbox 480 2652 491 2686; x_wconf 83' lang='lat'>,</span> <span class='ocrx_word' id='word_1_163' title='bbox 497 2604 585 2692; x_wconf 85' lang='lat' dir='ltr'><em>saris</em></span> <span class='ocrx_word' id='word_1_164' title='bbox 609 2603 753 2670; x_wconf 84' lang='lat' dir='ltr'><em>uidentur</em></span> <span class='ocrx_word' id='word_1_165' title='bbox 772 2621 870 2693; x_wconf 85' lang='lat' dir='ltr'><em>aperte</em></span> <span class='ocrx_word' id='word_1_166' title='bbox 881 2596 1058 2695; x_wconf 69' lang='lat' dir='ltr'><em>decorasse.</em></span> <span class='ocrx_word' id='word_1_167' title='bbox 1081 2603 1130 2668; x_wconf 88' lang='lat' dir='ltr'><em>Ac</em></span> 
     </span>
     <span class='ocr_line' id='line_1_22' title="bbox 170 2709 1131 2807; baseline -0.003 -29"><span class='ocrx_word' id='word_1_168' title='bbox 170 2709 236 2806; x_wconf 85' lang='lat' dir='ltr'><em>nist</em></span> <span class='ocrx_word' id='word_1_169' title='bbox 243 2733 328 2807; x_wconf 88' lang='lat' dir='ltr'><em>turpe</em></span> <span class='ocrx_word' id='word_1_170' title='bbox 340 2711 492 2790; x_wconf 82' lang='lat' dir='ltr'><em>videatur,</em></span> <span class='ocrx_word' id='word_1_171' title='bbox 508 2710 649 2779; x_wconf 78' lang='lat' dir='ltr'><em>homines</em></span> <span class='ocrx_word' id='word_1_172' title='bbox 672 2736 692 2775; x_wconf 90' lang='lat' dir='ltr'><em>a</em></span> <span class='ocrx_word' id='word_1_173' title='bbox 713 2709 922 2789; x_wconf 84' lang='lat' dir='ltr'><em>mulierculis,</em></span> <span class='ocrx_word' id='word_1_174' title='bbox 939 2711 1042 2776; x_wconf 81' lang='lat' dir='ltr'><em>mubo</em></span> <span class='ocrx_word' id='word_1_175' title='bbox 1064 2730 1131 2780; x_wconf 82' lang='lat' dir='ltr'><em>certe</em></span> 
     </span>
     <span class='ocr_line' id='line_1_23' title="bbox 170 2810 1129 2907; baseline 0 -21"><span class='ocrx_word' id='word_1_176' title='bbox 170 2812 415 2887; x_wconf 79' lang='lat' dir='ltr'><em>imbecillioribus</em></span> <span class='ocrx_word' id='word_1_177' title='bbox 426 2867 435 2901; x_wconf 90' lang='lat'>‚</span> <span class='ocrx_word' id='word_1_178' title='bbox 442 2814 641 2904; x_wconf 75' lang='lat' dir='ltr'><em>firmitudinis</em></span> <span class='ocrx_word' id='word_1_179' title='bbox 655 2819 807 2907; x_wconf 29' lang='lat' dir='ltr'><em>‘exempla</em></span> <span class='ocrx_word' id='word_1_180' title='bbox 828 2810 924 2906; x_wconf 88' lang='lat' dir='ltr'><em>petere</em></span> <span class='ocrx_word' id='word_1_181' title='bbox 934 2838 1129 2905; x_wconf 70' lang='lat' dir='ltr'><em>‚repetamus</em></span> 
     </span>
     <span class='ocr_line' id='line_1_24' title="bbox 171 2921 1131 3024; baseline -0.002 -29"><span class='ocrx_word' id='word_1_182' title='bbox 171 2953 213 2995; x_wconf 87' lang='lat' dir='ltr'><em>ex</em></span> <span class='ocrx_word' id='word_1_183' title='bbox 230 2921 361 3024; x_wconf 80' lang='lat' dir='ltr'><em>historiis</em></span> <span class='ocrx_word' id='word_1_184' title='bbox 376 2925 569 2994; x_wconf 86' lang='lat' dir='ltr'><em>Asdrubalis</em></span> <span class='ocrx_word' id='word_1_185' title='bbox 583 2951 712 3010; x_wconf 77' lang='lat' dir='ltr'><em>uxorem</em></span> <span class='ocrx_word' id='word_1_186' title='bbox 732 2927 822 2992; x_wconf 87' lang='lat' dir='ltr'><em>illam</em></span> <span class='ocrx_word' id='word_1_187' title='bbox 833 2950 950 3016; x_wconf 60' lang='lat' dir='ltr'><em>,‘quae,</em></span> <span class='ocrx_word' id='word_1_188' title='bbox 967 2926 1131 3021; x_wconf 82' lang='lat' dir='ltr'><em>Cartbagi-</em></span> 
     </span>
     <span class='ocr_line' id='line_1_25' title="bbox 172 3030 1130 3138; baseline -0.002 -35"><span class='ocrx_word' id='word_1_189' title='bbox 172 3063 211 3104; x_wconf 85' lang='lat' dir='ltr'><em>ne</em></span> <span class='ocrx_word' id='word_1_190' title='bbox 231 3036 266 3101; x_wconf 86' lang='lat' dir='ltr'><em>in</em></span> <span class='ocrx_word' id='word_1_191' title='bbox 283 3034 410 3132; x_wconf 79' lang='lat' dir='ltr'><em>bostium</em></span> <span class='ocrx_word' id='word_1_192' title='bbox 425 3031 601 3123; x_wconf 83' lang='lat' dir='ltr'><em>potestatem</em></span> <span class='ocrx_word' id='word_1_193' title='bbox 621 3030 760 3114; x_wconf 70' lang='lat' dir='ltr'><em>redac‘la,</em></span> <span class='ocrx_word' id='word_1_194' title='bbox 773 3031 811 3123; x_wconf 87' lang='lat' dir='ltr'><em>se</em></span> <span class='ocrx_word' id='word_1_195' title='bbox 823 3033 924 3138; x_wconf 79' lang='lat' dir='ltr'><em>ipfiem</em></span> <span class='ocrx_word' id='word_1_196' title='bbox 943 3058 1015 3101; x_wconf 86' lang='lat' dir='ltr'><em>curn</em></span> <span class='ocrx_word' id='word_1_197' title='bbox 1037 3037 1130 3103; x_wconf 88' lang='lat' dir='ltr'><em>tribus</em></span> 
     </span>
     <span class='ocr_line' id='line_1_26' title="bbox 163 3140 1133 3238; baseline -0.002 -26"><span class='ocrx_word' id='word_1_198' title='bbox 163 3145 249 3234; x_wconf 85' lang='lat' dir='ltr'><em>filiis</em></span> <span class='ocrx_word' id='word_1_199' title='bbox 267 3147 302 3212; x_wconf 88' lang='lat' dir='ltr'><em>in</em></span> <span class='ocrx_word' id='word_1_200' title='bbox 325 3141 550 3236; x_wconf 72' lang='lat' dir='ltr'><em>conflagrarent</em></span> <span class='ocrx_word' id='word_1_201' title='bbox 564 3145 691 3235; x_wconf 85' lang='lat' dir='ltr'><em>parrial</em></span> <span class='ocrx_word' id='word_1_202' title='bbox 706 3144 884 3211; x_wconf 81' lang='lat' dir='ltr'><em>ineendium</em></span> <span class='ocrx_word' id='word_1_203' title='bbox 911 3140 1051 3238; x_wconf 70' lang='lat' dir='ltr'><em>imrnfir.</em></span> <span class='ocrx_word' id='word_1_204' title='bbox 1072 3146 1133 3212; x_wconf 79' lang='lat' dir='ltr'><em>Sel</em></span> 
     </span>
    </p>

    <p class='ocr_par' dir='ltr' id='par_1_11' title="bbox 63 3248 1130 3352">
     <span class='ocr_line' id='line_1_27' title="bbox 63 3248 1130 3352; baseline 0 -29"><span class='ocrx_word' id='word_1_205' title='bbox 63 3316 67 3323; x_wconf 91' lang='lat'>.</span> <span class='ocrx_word' id='word_1_206' title='bbox 168 3277 290 3347; x_wconf 88' lang='lat' dir='ltr'><em>praeter</em></span> <span class='ocrx_word' id='word_1_207' title='bbox 306 3254 396 3338; x_wconf 84' lang='lat' dir='ltr'><em>baec,</em></span> <span class='ocrx_word' id='word_1_208' title='bbox 409 3258 487 3344; x_wconf 81' lang='lat' dir='ltr'><em>quae</em></span> <span class='ocrx_word' id='word_1_209' title='bbox 505 3256 569 3322; x_wconf 90' lang='lat' dir='ltr'><em>iant</em></span> <span class='ocrx_word' id='word_1_210' title='bbox 583 3255 687 3351; x_wconf 84' lang='lat' dir='ltr'><em>testata</em></span> <span class='ocrx_word' id='word_1_211' title='bbox 699 3253 779 3344; x_wconf 86' lang='lat' dir='ltr'><em>stent</em></span> <span class='ocrx_word' id='word_1_212' title='bbox 797 3248 829 3322; x_wconf 66' lang='grc' dir='ltr'><em>δ’</em></span> <span class='ocrx_word' id='word_1_213' title='bbox 846 3253 1002 3352; x_wconf 83' lang='lat' dir='ltr'><em>illustria,</em></span> <span class='ocrx_word' id='word_1_214' title='bbox 1019 3254 1130 3343; x_wconf 84' lang='lat' dir='ltr'><em>fatea-</em></span> 
     </span>
    </p>

    <p class='ocr_par' dir='ltr' id='par_1_12' title="bbox 70 3359 1132 3683">
     <span class='ocr_line' id='line_1_28' title="bbox 70 3359 1130 3455; baseline -0.001 -24"><span class='ocrx_word' id='word_1_215' title='bbox 70 3428 73 3443; x_wconf 80' lang='grc'>,</span> <span class='ocrx_word' id='word_1_216' title='bbox 98 3371 105 3386; x_wconf 80' lang='grc'><strong>“</strong></span> <span class='ocrx_word' id='word_1_217' title='bbox 173 3360 336 3452; x_wconf 80' lang='lat' dir='ltr'><em>mursano</em></span> <span class='ocrx_word' id='word_1_218' title='bbox 349 3361 501 3452; x_wconf 78' lang='lat' dir='ltr'><em>ingenue,</em></span> <span class='ocrx_word' id='word_1_219' title='bbox 515 3383 639 3429; x_wconf 83' lang='lat' dir='ltr'><em>tantam</em></span> <span class='ocrx_word' id='word_1_220' title='bbox 656 3359 711 3455; x_wconf 80' lang='lat' dir='ltr'><em>effe</em></span> <span class='ocrx_word' id='word_1_221' title='bbox 725 3361 879 3429; x_wconf 78' lang='lat' dir='ltr'><em>humanae</em></span> <span class='ocrx_word' id='word_1_222' title='bbox 900 3384 1032 3430; x_wconf 88' lang='lat' dir='ltr'><em>naturae</em></span> <span class='ocrx_word' id='word_1_223' title='bbox 1045 3363 1130 3452; x_wconf 85' lang='lat' dir='ltr'><em>mise·</em></span> 
     </span>
     <span class='ocr_line' id='line_1_29' title="bbox 175 3470 1131 3567; baseline -0.004 -23"><span class='ocrx_word' id='word_1_224' title='bbox 175 3475 269 3557; x_wconf 85' lang='lat' dir='ltr'><em>riam,</em></span> <span class='ocrx_word' id='word_1_225' title='bbox 286 3495 322 3540; x_wconf 88' lang='lat' dir='ltr'><em>ur</em></span> <span class='ocrx_word' id='word_1_226' title='bbox 344 3497 437 3562; x_wconf 85' lang='lat' dir='ltr'><em>neque</em></span> <span class='ocrx_word' id='word_1_227' title='bbox 454 3497 550 3563; x_wconf 80' lang='lat' dir='ltr'><em>genus</em></span> <span class='ocrx_word' id='word_1_228' title='bbox 579 3470 681 3562; x_wconf 85' lang='lat' dir='ltr'><em>ipstem</em></span> <span class='ocrx_word' id='word_1_229' title='bbox 698 3473 882 3559; x_wconf 84' lang='lat' dir='ltr'><em>bominum,</em></span> <span class='ocrx_word' id='word_1_230' title='bbox 896 3497 951 3540; x_wconf 86' lang='lat' dir='ltr'><em>nec</em></span> <span class='ocrx_word' id='word_1_231' title='bbox 973 3494 1067 3541; x_wconf 87' lang='lat' dir='ltr'><em>eroto</em></span> <span class='ocrx_word' id='word_1_232' title='bbox 1079 3499 1131 3567; x_wconf 80' lang='lat' dir='ltr'><em>gc-</em></span> 
     </span>
     <span class='ocr_line' id='line_1_30' title="bbox 174 3579 1132 3683; baseline -0.002 -31"><span class='ocrx_word' id='word_1_233' title='bbox 174 3581 366 3683; x_wconf 75' lang='lat' dir='ltr'><em>nerefinguli</em></span> <span class='ocrx_word' id='word_1_234' title='bbox 373 3579 561 3670; x_wconf 77' lang='lat' dir='ltr'><em>artiseriarurn</em></span> <span class='ocrx_word' id='word_1_235' title='bbox 575 3603 707 3673; x_wconf 82' lang='lat' dir='ltr'><em>expertes</em></span> <span class='ocrx_word' id='word_1_236' title='bbox 715 3579 773 3676; x_wconf 81' lang='lat' dir='ltr'><em>effe</em></span> <span class='ocrx_word' id='word_1_237' title='bbox 782 3581 1006 3678; x_wconf 66' lang='lat' dir='ltr'><em>poffinthuOd</em></span> <span class='ocrx_word' id='word_1_238' title='bbox 1014 3608 1050 3651; x_wconf 91' lang='lat' dir='ltr'><em>eo</em></span> <span class='ocrx_word' id='word_1_239' title='bbox 1063 3609 1132 3650; x_wconf 89' lang='lat' dir='ltr'><em>ma·</em></span> 
     </span>
    </p>

    <p class='ocr_par' dir='ltr' id='par_1_13' title="bbox 63 3690 1131 3786">
     <span class='ocr_line' id='line_1_31' title="bbox 63 3690 1131 3786; baseline -0.002 -22"><span class='ocrx_word' id='word_1_240' title='bbox 63 3693 90 3734; x_wconf 71' lang='grc'><em>“·</em></span> <span class='ocrx_word' id='word_1_241' title='bbox 167 3698 218 3786; x_wconf 67' lang='lat' dir='ltr'><em>gis</em></span> <span class='ocrx_word' id='word_1_242' title='bbox 238 3693 416 3763; x_wconf 81' lang='lat' dir='ltr'><em>mirandum</em></span> <span class='ocrx_word' id='word_1_243' title='bbox 435 3690 494 3783; x_wconf 84' lang='lat' dir='ltr'><em>est,</em></span> <span class='ocrx_word' id='word_1_244' title='bbox 510 3696 597 3784; x_wconf 86' lang='lat' dir='ltr'><em>quod</em></span> <span class='ocrx_word' id='word_1_245' title='bbox 612 3718 677 3764; x_wconf 80' lang='lat' dir='ltr'><em>non</em></span> <span class='ocrx_word' id='word_1_246' title='bbox 700 3693 742 3760; x_wconf 90' lang='lat' dir='ltr'><em>iis</em></span> <span class='ocrx_word' id='word_1_247' title='bbox 750 3691 859 3783; x_wconf 84' lang='lat' dir='ltr'><em>solum</em></span> <span class='ocrx_word' id='word_1_248' title='bbox 879 3695 996 3778; x_wconf 87' lang='lat' dir='ltr'><em>malis,</em></span> <span class='ocrx_word' id='word_1_249' title='bbox 1018 3694 1131 3786; x_wconf 85' lang='lat' dir='ltr'><em>quibus</em></span> 
     </span>
    </p>
   </div>
   <div class='ocr_carea' id='block_1_6' title="bbox 0 0 1186 4238">
    <p class='ocr_par' dir='ltr' id='par_1_14' title="bbox 0 0 1186 4238">
     <span class='ocr_line' id='line_1_32' title="bbox 0 0 1186 4238; baseline 0 0"><span class='ocrx_word' id='word_1_250' title='bbox 0 0 1186 4238; x_wconf 95' lang='lat' dir='ltr'><em> </em></span> 
     </span>
    </p>
   </div>
  </div>
 </body>
</html>
