2348 4238
178 260 245 336 ω
330 194 650 314 ensromnuu
675 238 746 311 ru
767 234 982 314 nmcuu
1143 39 1166 297 s

175 428 256 478 ene:
276 396 416 501 (flentes
431 425 561 473 mecum
577 400 681 496 vulgo
697 402 917 498 querebantur
931 457 943 494 ‚
956 394 1120 500 quibusde

174 539 253 587 meo
268 515 367 587 celeri
377 513 485 585 reditu
503 536 573 583 non
587 511 770 605 probabam
781 510 813 608 z)
834 510 995 600 alterum,
1015 514 1121 611 deque

173 622 320 708 Brutus,
348 642 383 693 et
395 621 456 718 qui·
473 645 537 691 una
558 634 675 705 erant,
703 615 824 715 (musti
844 636 954 692 autem
979 638 1073 693 erant
1086 622 1123 714 ‚)
1164 700 1166 707 ,

172 725 391 814 laetabantur,
407 726 500 822 quod
522 749 595 797 eam
620 723 898 823 vituperationem
925 726 1140 824 effugissem„
1162 806 1166 821 ⁴

172 860 228 908 me
240 835 417 909 existimari
431 834 473 908 ird
485 834 657 933 Olympia.
686 835 754 907 hoc
776 859 862 908 vero
878 836 960 908 nihil
977 838 1124 934 turpiru,

139 948 294 1043 “quovis
312 946 512 1042 reipublicae
528 967 705 1041 tempore3
731 946 786 1019 sed
804 947 871 1018 hoc
893 978 1124 1042 ammomum.

169 1078 238 1153 ego
256 1080 338 1128 vero
354 1054 463 1127 austro
477 1055 592 1152 gratias
605 1053 724 1143 miras,
748 1055 804 1152 qui
820 1081 875 1127 me
893 1080 913 1125 a
931 1074 1025 1127 tanta
1047 1053 1126 1128 inse·

172 1165 238 1235 mia
252 1165 417 1237 averterit.
433 1163 642 1237 Reversronis
656 1163 710 1234 has
724 1162 882 1259 speciosas
894 1162 1007 1234 causas
1014 1163 1139 1257 Imber,¹

170 1273 265 1348 iustas
276 1276 346 1349 illas
355 1261 504 1373 quidem,
516 1292 548 1347 et
557 1299 709 1371 magnam
723 1273 875 1345 sednuHa
886 1271 1018 1361 iustior,
1028 1298 1125 1371 quem

171 1390 262 1481 quod
286 1406 324 1458 tu
339 1387 430 1459 idern
450 1386 521 1457 aliis
538 1384 661 1457 literis:
679 1388 836 1481 Provide,
859 1384 899 1481 fi
911 1387 964 1454 *cui
984 1387 1065 1478 quid
1078 1389 1128 1454 do·
1162 1394 1166 1403 “

171 1499 275 1584 baur,
290 1495 375 1594 urfir
393 1499 473 1565 unde
484 1524 547 1588 par
554 1499 627 1587 pari
648 1494 869 1586 respondeatur.
889 1495 1031 1583 Mirifica
1046 1498 1125 1564 enim

56 1660 58 1665 ,
171 1612 369 1693 ἑυσχςηστια
382 1604 422 1703 est
432 1626 556 1696 propter
566 1625 679 1671 metum
689 1628 852 1671 armorum.
866 1603 901 1670 sn
914 1599 1009 1671 freto
1015 1599 1126 1678 medio

168 1709 253 1780 hanc
268 1710 438 1804 epistolam
453 1712 537 1810 legi,
558 1731 618 1798 ut,
636 1710 717 1809 quid
730 1710 857 1807 possem
871 1710 1054 1806 providere
1069 1710 1124 1800 ,in
1162 1744 1165 1753 ·

115 1872 122 1890 .
168 1833 314 1886 mentem
330 1818 409 1889 mihi
434 1844 503 1890 non
525 1818 672 1906 veniret,
693 1812 753 1886 nisr
775 1837 813 1888 ut
829 1815 980 1911 praesens
993 1841 1050 1888 me
1061 1814 1124 1914 ipse

132 1948 135 1953 ·
164 1920 392 2026 ‘defepderem
417 1927 483 1998 Sed
496 1925 751 1998 haechastenus.
767 1925 893 2022 reliqua
906 1949 1035 1997 coram.
1062 1933 1125 1998 An·

167 2030 252 2104 ronii
265 2034 407 2108 edissum
423 2035 486 2134 legi
498 2037 654 2120 eBruto,
675 2049 709 2107 er
725 2032 846 2105 horum
860 2050 978 2104 contra
987 2086 1001 2120 ‚
1021 2033 1124 2131 scrip·

168 2159 238 2215 tum
254 2149 417 2241 praeclare
434 2171 444 2217 τ
467 2147 524 2220 sed
540 2146 621 2243 quid¹
634 2144 806 2216 istaedisra
819 2144 972 2234 valeant,
986 2137 1045 2218 aut
1057 2172 1123 2245 quo

70 2335 72 2340 .
167 2253 330 2350 spessent,
352 2260 445 2353 plane
458 2278 525 2328 non
541 2256 644 2327 video
652 2279 670 2338 ·;
698 2279 759 2326 nec
781 2279 845 2351 ego
864 2279 972 2344 nunc,
990 2274 1030 2327 ut
1044 2259 1123 2329 Bru·
1155 2314 1159 2321 .

167 2380 218 2435 rus
235 2367 406 2456 censebat,
420 2365 502 2439 istuc
516 2369 557 2440 ad
569 2364 807 2459 rempublicam
827 2364 1057 2460 capessendam
1070 2391 1124 2439 ve·

166 2473 236 2551 nio,
264 2477 342 2571 quid
357 2476 447 2549 enirn
458 2474 530 2546 sieri
552 2474 690 2569 potest?
714 2501 792 2546 num
802 2476 875 2572 quis
890 2475 999 2547 Pisoni
1013 2475 1061 2548 est
1072 2475 1121 2548 as-

166 2580 303 2653 sensus?
324 2610 404 2655 num
417 2585 514 2656 rediit
531 2583 598 2678 ipse
616 2582 803 2677 postridie?
833 2585 888 2655 sed
910 2583 1020 2656 abesse
1040 2585 1121 2656 hanc

165 2700 305 2763 aetutem
316 2694 416 2789 longe
430 2721 448 2765 a
463 2694 615 2790 sepulcro
627 2697 747 2792 negant
761 2716 930 2789 oportere.
949 2696 1016 2766 Sed
1034 2694 1121 2768 obse

165 2822 291 2892 erote,
321 2786 400 2901 q'uu
416 2806 463 2880 en
477 2807 571 2904 quod
591 2806 705 2877 audivi
720 2806 760 2875 de
779 2807 904 2878 erutor
928 2806 1044 2880 rrum
1060 2845 1121 2882 w.

98 2983 102 2987 ,
164 2925 307 3002 porsennae
331 2945 521 3004 mafanum,
547 2937 583 2989 te
606 2916 762 3009 scripsisse
791 2917 905 2988 aiebat.
934 2919 1036 2991 valde
1057 2919 1121 2991 sum

111 3084 114 3091 .
165 3038 375 3104 commotum
399 3021 455 3092 etsr
478 3025 585 3108 idem,
611 3024 828 3113 rescribere,
850 3025 1119 3120 speraremelius.

164 3126 211 3197 ita
232 3127 326 3220 plane
346 3131 461 3205 velim.
488 3137 518 3208 ei
533 3137 623 3208 dicas
637 3136 811 3231 plurimam
827 3137 982 3228 salutern,
1001 3157 1037 3212 et
1051 3138 1119 3239 suaj

164 3237 312 3311 vissrmae
325 3242 465 3319 Atticae.
491 3248 584 3319 Haec
602 3246 713 3342 scripsr
731 3248 908 3347 navigans,
931 3272 1012 3323 cum
1025 3252 1118 3326 Porn-

165 3348 321 3444 peianum
336 3355 548 3443 accederem,
563 3379 631 3431 xlv
646 3357 723 3430 Kal.

346 3470 581 3547 CICERO
620 3476 868 3551 ATTICO
904 3480 937 3552 S.
1047 3420 1051 3429 s

131 3624 201 3741 ⁷‚80
218 3562 388 3742 CUM
409 3665 531 3760 sciam,
552 3693 625 3767 quo
639 3668 692 3745 die
714 3658 873 3748 venrurus
896 3626 980 3764 fim,
1005 3675 1114 3751 faciam

67 3855 143 3992 -r'r
235 3846 237 3850 ,
