2348 4238
307 247 309 251 ·
431 186 657 302 itanu
706 206 841 305 ut'
905 211 930 244 ²
1006 258 1078 340 ,η

72 366 230 485 ἶςεηῐε,
262 385 352 460 nolle
375 387 408 461 se
432 415 501 462 non
525 388 695 488 probabit.
724 394 823 467 Aliud
842 394 910 470 hoc
926 413 1080 497 tempore

72 486 89 579 ξ.
110 496 156 569 ele
169 497 338 594 republica
350 498 430 570 nihil
444 500 676 600 loquebantur.
691 502 848 601 agebatur
858 506 994 603 quidem
1009 536 1080 586 cer·

113 624 147 681 te
165 609 261 681 nibil.
281 611 411 689 Serrani
433 611 623 693 Domestici
640 610 700 687 lilii
713 613 812 688 funus
834 618 1080 713 perluctuosum

114 718 180 794 uit
190 746 220 794 a.
233 723 267 794 d.
285 743 356 794 viu
368 724 509 798 Kalend.
522 725 688 798 Decemb.
702 728 864 803 laudavit
876 752 970 828 patet
980 732 1082 831 scrip·

73 832 76 837 ’
115 845 153 903 to
173 856 265 903 meo.
306 835 405 905 Nunc
425 833 468 906 de'
492 835 634 908 Milone.
661 836 842 933 Pompeius
863 838 894 914 ei
915 840 997 914 nibil
1017 844 1081 917 tri·

115 940 213 1031 buit,
237 965 273 1015 et
297 945 412 1015 omnia
439 946 584 1032 Guttae;
604 946 753 1044 dicitque
777 947 810 1022 se
830 949 1079 1046 perfeetum,

116 1076 151 1128 ut
165 1054 206 1126 in
231 1054 293 1128 illo
317 1054 439 1139 Caesar
465 1057 645 1130 incumbat.
665 1057 731 1131 hoc
754 1060 870 1133 horret
890 1063 997 1148 Mil0;
1018 1087 1081 1142 nec

114 1164 233 1239 iniuria
252 1185 332 1258 tet,
353 1166 451 1239 fiille
472 1167 613 1240 dictator
625 1165 728 1241 factus
748 1167 808 1259 fit,
825 1193 929 1266 paene
949 1172 1080 1250 diffidit.

106 1274 363 1369 Jntetcellorem
393 1277 572 1350 didaturae
590 1277 625 1350 sr'
638 1277 760 1355 iuverit
783 1305 907 1372 manu‚·
927 1303 962 1357 et
980 1309 1081 1383 prae·
1169 1331 1172 1335 -

116 1386 198 1485 lidio
217 1388 278 1460 suo
290 1444 305 1479 ,,
325 1388 523 1486 Pompeium
546 1387 665 1460 metuit
688 1385 1002 1465 inimicum.s1non
1025 1392 1082 1466 iu·

113 1499 220 1590 verit,
240 1500 352 1588 timet,
376 1524 418 1571 ne
441 1516 500 1595 pet
519 1497 591 1571 vim
617 1496 810 1593 perferatur.
839 1501 953 1575 Ludos
974 1526 1082 1601 appa·

116 1630 165 1684 tat
187 1608 546 1709 magnificentissimos
565 1608 630 1699 src,
648 1606 805 1707 inquam,
823 1628 861 1685 ut
879 1636 981 1687 nemo
997 1613 1082 1687 sunt·

95 1712 278 1794 ¹tuosi'ores
297 1747 308 1793 ε
330 1719 424 1793 stulte
445 1719 515 1810 bis,
542 1739 685 1816 terque,
707 1744 779 1792 non
803 1721 1005 1818 postulatus;
1026 1721 1081 1798 vel

114 1835 195 1934 quia
215 1856 336 1906 munus
356 1829 571 1931 magnificum
592 1828 747 1919 dederat,
771 1831 828 1904 vel
848 1835 925 1930 quia
943 1833 1083 1908 faculta·

115 1961 163 2020 tes
183 1968 255 2016 non
279 1958 394 2032 etant,
415 1939 472 2015 vel
492 1935 570 2038 quia
592 1935 765 2036 magistet,
789 1938 846 2011 vel
864 1940 943 2038 quia
962 1958 1081 2036 potue·

114 2071 163 2128 tat
185 2051 377 2152 magistrum
396 2049 447 2138 se,
464 2074 537 2122 non
553 2046 695 2120 aedilem
717 2064 845 2143 putare.
871 2051 999 2122 Omnia
1008 2048 1081 2124 sere

114 2164 239 2263 scripfi.
262 2161 375 2251 Cura,
396 2160 444 2272 rui
466 2155 628 2232 cariffiure
650 2149 772 2246 frater,
793 2175 832 2230 ut
853 2157 974 2233 valeas.
1116 2214 1120 2237 .

252 2335 506 2411 urceus
556 2306 602 2428 u
651 2332 964 2410 rarrntu

115 2512 204 2580 vata
223 2512 259 2575 ae
271 2511 353 2574 nnn
367 2511 482 2595 ubter.
500 2482 701 2572 bronna.
716 2506 863 2592 persana
885 2507 973 2573 Anno
987 2508 1026 2576 υ.
1042 2506 1080 2581 c

154 2609 225 2691 699.
578 2641 589 2649 ·

75 2824 107 2907 εἱ
117 2720 283 2913 9.DE
291 2809 441 2889 Gabinio
450 2807 529 2884 nibil
543 2804 607 2883 fuit
619 2803 807 2884 faciendum
818 2802 981 2899 illorum,
993 2823 1079 2912 quae
1106 2845 1113 2851 ·

118 2917 333 2999 emantiffime
352 2916 496 3018 cogitata
516 2918 603 2992 sunt.
622 2953 693 2994 tort
707 2952 757 3013 μοι
776 2953 876 3015 xatas.
898 2917 964 2992 feci
986 2919 1079 2993 sum·

118 3058 171 3107 tna
185 3058 267 3106 cum
276 3023 453 3130 gravitate,
461 3045 501 3099 ut
513 3051 633 3100 omnes
646 3025 799 3112 sentiunt,
812 3040 846 3100 et
857 3025 985 3099 summa
998 3049 1078 3102 cunt
1152 3060 1164 3085 κ

117 3141 270 3232 lenitate,
287 3137 468 3239 qinefeci.
488 3135 581 3208 illum
600 3157 709 3234 neque
721 3133 808 3227 urfi,
827 3160 935 3242 neque
953 3136 1079 3226 levati.

116 3253 206 3331 tellis
220 3252 403 3326 vehemens
417 3246 488 3321 fui:
509 3262 677 3343 praeterea
697 3245 824 3345 quievi.
843 3246 969 3323 exitum
991 3248 1079 3324 iudi-

118 3362 162 3440 cii
179 3357 319 3435 foedum
332 3373 366 3431 et
376 3353 600 3454 perniciosum
616 3352 776 3428 leviffime
796 3353 866 3428 tuli.
884 3351 992 3448 Quod
1003 3353 1080 3454 qui·

117 3456 194 3545 det'n
206 3469 335 3543 bonunt
349 3461 431 3538 mibi
443 3478 531 3537 nunc
544 3459 687 3561 denique
698 3458 878 3552 'redundan
892 3484 929 3536 ut
941 3463 992 3538 his
1005 3485 1078 3540 mad

115 3574 156 3653 lis
176 3571 379 3672 reipublicae
390 3567 591 3667 licentiaque
604 3568 799 3658 audacium,
813 3593 880 3666 qua
897 3590 971 3666 ante
990 3596 1079 3646 rutn·

109 3687 244 3801 pebat,
256 3704 347 3770 nunc
368 3702 411 3769 ne
420 3699 559 3783 movear
576 3675 724 3774 qudem.
743 3673 884 3855 nihill’e?
896 3676 985 3752 enim
998 3703 1078 3781 per.
