2348 4238
19 279 21 295 ,
172 255 248 307 no.
329 172 649 320 e'rrsromnou
673 230 986 306 norwicum

166 393 261 487 rabis.
282 393 427 491 Nepotis
438 391 609 488 epistolam
622 392 794 490 exspeslo.
811 392 955 490 cupidus
963 393 1023 466 ille
1035 403 1130 468 meo.-

164 526 240 574 mm
255 555 266 592 ,
280 504 338 601 qui
360 526 419 591 ea,
441 501 561 598 quibus
574 501 720 574 maxime
742 537 875 598 ysopa,
896 503 1038 601 legenda
1062 528 1132 576 noo

165 611 282 708 putet?
300 631 333 683 et
348 611 396 682 ais
407 661 420 697 ,
432 622 501 701 μετ’
510 644 653 701 apopores.
673 630 710 681 tu
723 614 809 683 veto
826 640 958 703 ιμυμων.
986 610 1044 684 ille
1058 610 1126 710 qus·

164 719 245 798 dem
251 733 403 810 ωμβςατος.
420 718 574 788 Mearurn
582 716 795 814 epistolarum
809 718 896 790 nulla
902 716 948 791 esi
958 756 1130 817 serame:

132 898 135 903 .
165 828 224 903 seo
237 829 335 901 habet
348 828 434 900 Tiro
453 825 552 899 instar
572 828 788 925 septuaginta.
809 829 996 931 etquidem
1021 830 1126 904 sunta

163 956 197 1011 re
209 937 370 1036 quaedam
385 936 642 1009 sumendae-eas
652 961 729 1034 ego,
743 954 902 1034 oportet,
913 936 1123 1036 perspiciam,

67 1137 74 1158 .
164 1047 342 1146 corrigam.
361 1063 437 1119 tum
452 1047 596 1144 denique
618 1041 770 1120 edennn.
789 1129 794 1138 ‚

341 1220 578 1327 ercnuo
626 1251 873 1325 mico
907 1254 951 1337 s.
1019 1308 1047 1341 ,.

164 1481 204 1560 6.
215 1388 361 1567 EGO
380 1485 509 1576 adhuc,
528 1485 695 1584 (perveni
709 1485 799 1559 enim
818 1484 990 1559 Vibonem
1012 1486 1055 1558 ad
1075 1484 1125 1559 Si·

106 1628 109 1633 ·
152 1595 267 1694 eam)
288 1595 392 1693 magis
406 1596 608 1684 commode,
626 1589 727 1694 quam
740 1594 867 1669 strenue
881 1595 1038 1695 navigavi
1050 1622 1062 1665 a
1074 1615 1125 1668 re'·

143 1712 145 1718 ’
162 1706 228 1778 mis
240 1703 334 1779 enim.
342 1728 495 1802 magnam
509 1723 636 1801 partem
651 1732 661 1791 ;
685 1706 862 1802 prodromi
876 1706 967 1779 nulli.
988 1707 1071 1781 illud
1081 1709 1126 1780 se·

161 1813 207 1887 ris
232 1833 447 1911 opportune:
479 1814 552 1886 duo
582 1813 674 1889 finus.
695 1813 849 1903 suerunt,
874 1838 962 1911 quos
990 1816 1127 1889 tramitti

161 1940 361 2024 oporteret,
378 1923 554 2001 Paestanus
574 1941 608 1996 et
622 1923 821 1998 Vibonensis
834 1951 845 1994 τ
857 1944 1046 2023 «ιιῐτωηῳε
1070 1928 1125 2023 pe·

160 2030 259 2109 <libus
269 2031 383 2132 aequis
393 2028 638 2104 transmisimus.
651 2031 730 2103 veni
743 2031 842 2128 igitur
851 2032 893 2103 ad
910 2030 1023 2103 Sicam·
1032 2035 1124 2106 osla-
1136 2072 1145 2112 ,ι

160 2163 211 2213 vo
228 2137 283 2212 (lie
299 2163 319 2212 e
336 2138 565 2236 Pompeiano,
586 2163 665 2210 cnm
685 2166 791 2211 unum
803 2140 892 2212 diem
906 2139 1020 2211 Veliae
1036 2167 1123 2213 con-

160 2248 330 2336 stitissem
344 2249 401 2322 ubi
417 2248 553 2346 quidem
567 2248 615 2349 fui
633 2249 707 2322 sane
725 2250 863 2322 libenter
881 2252 970 2346 apud
982 2251 1126 2324 Talnam

161 2359 338 2450 nostrum,
355 2383 418 2432 nec
429 2359 527 2455 potui
543 2358 672 2455 accipi,
695 2359 754 2431 illo
771 2360 902 2432 absente
920 2361 1127 2457 praesertim,

158 2467 392 2542 liberalium
406 2467 596 2566 Kal‘igitur
608 2470 651 2541 ad
674 2467 791 2542 Sicam.
816 2469 863 2540 ibi
881 2486 1041 2564 tanquam
1062 2472 1123 2543 do·

160 2577 208 2658 mi
225 2605 319 2654 meae
335 2580 472 2654 scilicet.
496 2579 606 2676 itaque
621 2579 750 2651 obduxi
770 2577 938 2675 posterum
954 2580 1057 2650 diem.
1069 2583 1126 2656 seri

160 2693 340 2788 putabam,
352 2717 429 2765 eum
443 2690 608 2788 Rhegium
621 2690 804 2779 venissem,
818 2689 892 2761 sore
906 2708 944 2760 ur
958 2689 1051 2779 illic,
1073 2703 1126 2764 so-

79 2870 82 2875 .
112 2870 119 2881 ,
160 2833 252 2898 Αιχον
268 2832 356 2876 nom
375 2813 570 2896 ὅρμαινοντες,
599 2801 847 2896 cogitaremus,
869 2795 1047 2870 corbitane
1062 2800 1121 2868 Pa·

160 2927 249 2997 tras,
265 2934 308 2982 an
324 2908 510 2983 asluariolis
528 2910 570 2980 ad
585 2911 827 3006 Leucopetram
850 2906 1127 2998 Tarentinorum,

27 3100 30 3115 ι
160 3034 257 3116 atque
281 3018 360 3090 inde
387 3019 600 3116 Corcyram
625 3033 682 3105 et,
707 3016 732 3088 si
760 3016 938 3105 oneraria,
971 3014 1127 3092 statimne

71 3160 73 3163 ·
161 3126 262 3217 fleto,
281 3151 322 3197 an
334 3123 512 3224 Syracusis.
532 3122 593 3196 hac
609 3122 706 3221 super
720 3149 757 3196 re
770 3124 910 3196 scribam
928 3125 970 3196 ad
989 3145 1022 3197 te
1036 3127 1124 3199 Rhe·

160 3238 229 3335 gio.
261 3231 537 3321 Mehercule,mi
557 3233 689 3321 Amce,
704 3226 802 3328 saepe
825 3260 981 3320 mecum,
1010 3244 1026 3312 ἦ
1049 3249 1127 3328 reug*

130 3392 135 3404 ·
160 3356 227 3420 ilos
247 3378 293 3418 en
312 3377 343 3416 m
367 3353 512 3426 «lurum
539 3365 601 3414 cur
616 3367 680 3440 ego
699 3361 808 3416 tecum
823 3369 892 3416 non
909 3345 1009 3416 sumi
1038 3371 1120 3433 cur,

161 3448 289 3522 ocellos
307 3448 416 3537 ltaliae
429 3499 441 3536 ,
455 3447 583 3521 villulas
596 3475 685 3523 meas
704 3476 774 3523 non
796 3451 927 3523 video?
950 3451 1006 3524 sed
1023 3453 1064 3524 id
1072 3451 1119 3522 sa·

162 3558 205 3630 tis
226 3557 396 3656 superque.
416 3545 525 3629 recum
540 3582 593 3630 me
607 3583 677 3630 non
695 3558 782 3632 effe?
810 3560 892 3654 quid
907 3559 1119 3656 fugienreml

161 3662 418 3765 periculumnel
442 3666 579 3744 idnunc
592 3667 752 3766 quidem,
777 3669 836 3743 nisi
849 3668 968 3755 fallor,
992 3668 1120 3743 nullum

67 3914 199 3992 Α
350 3855 353 3861 ,
