2348 4238
213 224 713 381 rnnnuruu.
833 220 973 355 ,2²55

82 409 89 484 i
102 406 223 498 cause,
231 418 341 507 qrnm'
353 423 392 479 ut
404 426 446 479 et
458 401 659 501 impraesens
679 400 858 499 scerenros
875 407 970 482 eive

82 545 117 592 re
130 521 173 591 ab
193 514 422 616 impugnanda
446 514 552 612 partin
568 514 769 591 deterrerem
780 538 792 600 ;
805 531 839 587 et
851 516 885 587 in'
900 530 969 613 pu·

82 630 387 719 m,·d0cumentnm
403 620 593 709 statuerem,
607 647 649 694 ne
660 623 733 721 quis
745 625 843 696 talem
855 645 969 698 amena

91 724 188 814 velset
210 734 347 810 imitari.
364 756 566 832 quamquam
589 732 671 804 haec
689 733 825 830 quidem
838 733 977 806 senten·

82 874 124 922 on
139 847 243 944 magis
268 868 341 917 mea
355 842 441 928 fuit,
463 867 561 940 quam
581 842 748 914 omnium.
770 847 808 917 In
826 869 893 943 qua
910 845 969 918 vi·

82 968 94 1028 r
110 957 189 1029 illud
212 953 281 1026 esse
302 951 456 1039 crudele,
470 951 565 1048 quod
584 951 626 1022 ad
644 945 768 1024 liberos
777 953 860 1051 ‚qui
885 951 972 1028 nihil¹

82 1082 188 1142 rerunt
199 1116 211 1154 ‚
224 1087 336 1160 poena
349 1061 514 1158 pervenit.
535 1063 600 1133 Sed
613 1063 649 1136 id
665 1083 699 1135 et
712 1065 884 1162 antiquum
897 1066 968 1153 est,

82 1181 199 1252 nniu'm
224 1179 422 1253 civitatum:
443 1175 604 1276 siquidem
618 1178 718 1253 etiam
732 1179 970 1256 Themistoclis

82 1287 93 1359 i
105 1302 275 1388 eguerunt.
297 1298 348 1377 et,
361 1286 385 1360 sr
399 1286 527 1359 iudicio
540 1286 714 1363 damnatos
727 1289 842 1362 eadem
856 1316 967 1389 poena

81 1397 142 1471 'nur
157 1400 269 1488 river,
283 1397 341 1497 qui
354 1397 523 1496 potuimus
537 1393 681 1470 leniores
694 1398 761 1471 esse
773 1400 808 1472 in
828 1399 968 1485 hostes?

82 1508 214 1580 sautem
229 1508 323 1606 queri
336 1504 444 1604 potest
458 1506 631 1604 quisquam
646 1506 687 1578 de
699 1531 770 1596 me,
786 1508 898 1607 qui,si
913 1512 969 1583 vi·

82 1633 111 1708 r,
123 1617 332 1690 acerbiorem
346 1616 378 1688 se
396 1615 431 1687 in
452 1641 506 1687 me
520 1615 669 1688 futurum
688 1616 786 1690 fuisse·
803 1618 968 1695 confitea·
1047 1674 1051 1685 s

82 1729 191 1803 necesse
211 1725 287 1801 est?
312 1726 425 1800 Habes
444 1727 607 1802 rationem
630 1750 780 1801 mearum
794 1727 972 1807 sententia·

82 1843 137 1931 ‚de
151 1841 219 1914 hoc
232 1863 353 1939 genere
365 1838 523 1910 duntaxat
536 1838 677 1912 honoris
686 1856 718 1911 et
730 1835 868 1936 poenae.
880 1843 969 1918 Nam

82 1952 172 2026 ueris
189 1953 289 2024 rebus
304 1951 388 2048 quid
401 1949 556 2022 senserim
568 2003 581 2039 ,
593 1949 742 2046 quidque
760 1948 970 2044 censuerim,

82 2062 124 2136 sse
139 2083 173 2136 te
194 2062 347 2141 arbitror.
366 2060 430 2133 Sed
447 2060 528 2132 haec
545 2059 682 2156 quidem
697 2084 767 2132 non
783 2060 828 2133 ita
847 2062 971 2146 neces·
1085 2105 1086 2108 =

85 2171 192 2245 .ilsud
207 2170 307 2244 valde
330 2169 567 2255 necessarium,
584 2166 707 2258 Brute,
724 2187 758 2242 te
781 2170 817 2243 in
842 2174 970 2252 ltaliam
988 2227 989 2230 ,

97 2283 245 2357 exercitu
259 2279 379 2355 venire
392 2307 495 2378 quam
518 2281 675 2378 primum.
691 2280 818 2356 summa
841 2284 889 2358 est
908 2312 971 2360 er·
1011 2332 1013 2336 .

82 2394 154 2467 :atio
170 2394 220 2476 rui
233 2418 243 2464 ε
256 2391 314 2490 qui
332 2391 355 2462 fi
378 2393 503 2465 Italiam
527 2392 693 2490 attigeris,
706 2393 747 2465 ad
768 2411 801 2466 te
821 2420 970 2471 concur·

82 2503 124 2580 iet
138 2503 304 2576 omniurn.
319 2503 396 2575 Sive
413 2501 502 2573 enim
516 2500 740 2600 vicerimus,(
753 2501 811 2599 qui
832 2504 971 2601 quidem

82 2612 223 2688 henrime
239 2609 440 2698 viceramus,
459 2606 517 2678 nifi
533 2607 677 2703 Lepidus
692 2608 830 2705 perdere
840 2611 971 2711 emnia,
989 2647 991 2650 ⁴

82 2723 157 2794 erire
169 2720 236 2817 ipse
249 2742 324 2791 cum
339 2716 402 2789 suis
415 2712 705 2814 concupivisset,)
718 2717 878 2792 ruanobis
890 2743 971 2794 auc·

82 2851 135 2904 ate
154 2855 241 2926 opus
264 2828 310 2901 ess
331 2831 371 2900 ad
396 2827 630 2901 collocandum
653 2827 797 2925 aliquem
824 2828 971 2908 civitatis

83 2968 116 3013 m
132 2967 142 3014 :
158 2942 225 3012 five
238 2941 338 3012 etiarn
356 2963 443 3009 nunc
457 2953 625 3010 certamen
642 2934 807 3033 reliqmrm
823 2936 886 3026 est,
898 2965 971 3011 ma.

82 3053 176 3148 rspes
187 3047 235 3121 est
250 3073 326 3121 cum
340 3047 375 3117 in
393 3046 588 3119 aunoritate
602 3060 680 3134 tua,
693 3059 763 3117 tum
788 3046 822 3117 in
842 3047 973 3122 exerci-
998 3146 1001 3152 Ι

82 3164 131 3237 tui
147 3161 284 3235 viribus.
311 3161 374 3232 Sed
398 3182 631 3255 propera,per
648 3159 740 3233 deos.
767 3159 828 3234 scis
854 3161 973 3260 enim,

82 3292 161 3347 itum
190 3272 230 3344 sit
255 3271 290 3341 in
314 3267 540 3365 temporibus,
553 3270 766 3365 quantumin
794 3269 974 3345 celeritate.

82 3384 138 3456 >ris
158 3403 235 3457 tuae
249 3380 326 3453 siliis
348 3404 447 3478 quam
466 3376 640 3477 diligenter
659 3380 849 3473 consulam,
870 3381 971 3479 spero
1009 3440 1018 3453 .

82 3522 92 3567 r
110 3494 241 3582 matris,
254 3510 343 3564 etex
362 3487 484 3561 sororis
499 3487 604 3562 literis
621 3492 843 3587 cogniturum.
856 3514 923 3588 qua
936 3488 972 3561 in

82 3606 98 3681 'a
112 3605 276 3678 maiorem
292 3602 402 3674 habeo
412 3599 576 3670 rationem
583 3615 659 3669 tuae
676 3597 876 3688 voluntaris,
887 3618 974 3696 quae

82 3747 86 3792 i
102 3715 264 3823 carissimu
275 3711 340 3804 est,
351 3734 451 3809 quam
460 3707 729 3806 ,utquibusdnn
743 3707 975 3799 videnum

1094 3930 1110 4057 s
