<?xml version="1.0" encoding="UTF-8"?>
<!DOCTYPE html PUBLIC "-//W3C//DTD XHTML 1.0 Transitional//EN"
    "http://www.w3.org/TR/xhtml1/DTD/xhtml1-transitional.dtd">
<html xmlns="http://www.w3.org/1999/xhtml" xml:lang="en" lang="en">
 <head>
  <title>
</title>
<meta http-equiv="Content-Type" content="text/html;charset=utf-8" />
  <meta name='ocr-system' content='tesseract 3.04.00' />
  <meta name='ocr-capabilities' content='ocr_page ocr_carea ocr_par ocr_line ocrx_word'/>
</head>
<body>
  <div class='ocr_page' id='page_1' title='image "./mtulliiciceroni02plutgoog/mtulliiciceroni02plutgoog_0252.png"; bbox 0 0 2348 4238; ppageno 0'>
   <div class='ocr_carea' id='block_1_1' title="bbox 350 220 1076 362">
    <p class='ocr_par' dir='ltr' id='par_1_1' title="bbox 350 220 1076 362">
     <span class='ocr_line' id='line_1_1' title="bbox 350 220 1076 362; baseline 0.006 -29"><span class='ocrx_word' id='word_1_1' title='bbox 350 254 446 333; x_wconf 74' lang='lat' dir='ltr'>&#39;tu</span> <span class='ocrx_word' id='word_1_2' title='bbox 494 248 823 334; x_wconf 75' lang='lat' dir='ltr'>anurun.</span> <span class='ocrx_word' id='word_1_3' title='bbox 1004 220 1076 362; x_wconf 56' lang='lat'>2‘53·</span> 
     </span>
    </p>
   </div>
   <div class='ocr_carea' id='block_1_2' title="bbox 84 418 1173 3354">
    <p class='ocr_par' dir='ltr' id='par_1_2' title="bbox 84 418 1173 3354">
     <span class='ocr_line' id='line_1_2' title="bbox 84 418 1079 525; baseline -0.002 -26"><span class='ocrx_word' id='word_1_4' title='bbox 84 444 231 499; x_wconf 73' lang='lat' dir='ltr'>vocate</span> <span class='ocrx_word' id='word_1_5' title='bbox 248 420 440 519; x_wconf 85' lang='lat' dir='ltr'>coepimus,</span> <span class='ocrx_word' id='word_1_6' title='bbox 453 446 532 495; x_wconf 92' lang='lat' dir='ltr'>cum</span> <span class='ocrx_word' id='word_1_7' title='bbox 549 418 583 495; x_wconf 84' lang='lat' dir='ltr'>se</span> <span class='ocrx_word' id='word_1_8' title='bbox 600 424 752 495; x_wconf 91' lang='lat' dir='ltr'>nondum</span> <span class='ocrx_word' id='word_1_9' title='bbox 774 446 817 495; x_wconf 88' lang='lat' dir='ltr'>ne</span> <span class='ocrx_word' id='word_1_10' title='bbox 837 419 976 525; x_wconf 82' lang='lat' dir='ltr'>Decimi</span> <span class='ocrx_word' id='word_1_11' title='bbox 997 426 1079 524; x_wconf 83' lang='lat' dir='ltr'>qui,-¹</span> 
     </span>
     <span class='ocr_line' id='line_1_3' title="bbox 86 530 1173 622; baseline 0.001 -13"><span class='ocrx_word' id='word_1_12' title='bbox 86 536 180 609; x_wconf 81' lang='lat' dir='ltr'>dom</span> <span class='ocrx_word' id='word_1_13' title='bbox 195 531 294 605; x_wconf 87' lang='lat' dir='ltr'>Bruti</span> <span class='ocrx_word' id='word_1_14' title='bbox 313 532 428 608; x_wconf 81' lang='lat' dir='ltr'>divina</span> <span class='ocrx_word' id='word_1_15' title='bbox 445 532 555 607; x_wconf 83' lang='lat' dir='ltr'>virtus</span> <span class='ocrx_word' id='word_1_16' title='bbox 566 531 611 607; x_wconf 84' lang='lat' dir='ltr'>ita</span> <span class='ocrx_word' id='word_1_17' title='bbox 633 530 887 622; x_wconf 79' lang='lat' dir='ltr'>commovisset,</span> <span class='ocrx_word' id='word_1_18' title='bbox 901 551 938 605; x_wconf 94' lang='lat' dir='ltr'>ut</span> <span class='ocrx_word' id='word_1_19' title='bbox 954 535 1020 606; x_wconf 91' lang='lat' dir='ltr'>iam</span> <span class='ocrx_word' id='word_1_20' title='bbox 1042 536 1080 609; x_wconf 92' lang='lat' dir='ltr'>id</span> <span class='ocrx_word' id='word_1_21' title='bbox 1171 604 1173 609; x_wconf 92' lang='lat'><em>.</em></span> 
     </span>
     <span class='ocr_line' id='line_1_4' title="bbox 85 640 1079 742; baseline -0.001 -25"><span class='ocrx_word' id='word_1_22' title='bbox 85 643 188 717; x_wconf 85' lang='lat' dir='ltr'>scire</span> <span class='ocrx_word' id='word_1_23' title='bbox 201 640 504 740; x_wconf 47' lang='lat' dir='ltr'>pollemusaatque</span> <span class='ocrx_word' id='word_1_24' title='bbox 514 662 616 713; x_wconf 90' lang='lat' dir='ltr'>omne</span> <span class='ocrx_word' id='word_1_25' title='bbox 630 642 828 738; x_wconf 79' lang='lat' dir='ltr'>praesidium</span> <span class='ocrx_word' id='word_1_26' title='bbox 847 641 928 716; x_wconf 83' lang='lat' dir='ltr'>esset</span> <span class='ocrx_word' id='word_1_27' title='bbox 942 644 978 715; x_wconf 90' lang='lat' dir='ltr'>in</span> <span class='ocrx_word' id='word_1_28' title='bbox 991 670 1079 742; x_wconf 89' lang='lat' dir='ltr'>pue·</span> 
     </span>
     <span class='ocr_line' id='line_1_5' title="bbox 84 750 1080 851; baseline 0 -24"><span class='ocrx_word' id='word_1_29' title='bbox 84 778 156 839; x_wconf 85' lang='lat' dir='ltr'>ro,</span> <span class='ocrx_word' id='word_1_30' title='bbox 172 752 237 851; x_wconf 89' lang='lat' dir='ltr'>qui</span> <span class='ocrx_word' id='word_1_31' title='bbox 262 776 283 823; x_wconf 94' lang='lat' dir='ltr'>a</span> <span class='ocrx_word' id='word_1_32' title='bbox 310 751 500 825; x_wconf 86' lang='lat' dir='ltr'>cervicibus</span> <span class='ocrx_word' id='word_1_33' title='bbox 520 750 639 824; x_wconf 82' lang='lat' dir='ltr'>nostris</span> <span class='ocrx_word' id='word_1_34' title='bbox 667 752 835 825; x_wconf 85' lang='lat' dir='ltr'>avertisset</span> <span class='ocrx_word' id='word_1_35' title='bbox 867 755 1080 827; x_wconf 81' lang='lat' dir='ltr'>Antoniumt</span> 
     </span>
     <span class='ocr_line' id='line_1_6' title="bbox 84 860 1080 962; baseline 0 -26"><span class='ocrx_word' id='word_1_36' title='bbox 84 864 180 961; x_wconf 81' lang='lat' dir='ltr'>quis</span> <span class='ocrx_word' id='word_1_37' title='bbox 194 861 354 935; x_wconf 86' lang='lat' dir='ltr'>honosei</span> <span class='ocrx_word' id='word_1_38' title='bbox 372 885 443 935; x_wconf 87' lang='lat' dir='ltr'>non</span> <span class='ocrx_word' id='word_1_39' title='bbox 454 860 520 933; x_wconf 88' lang='lat' dir='ltr'>fuit</span> <span class='ocrx_word' id='word_1_40' title='bbox 531 861 783 935; x_wconf 76' lang='lat' dir='ltr'>deremendus?</span> <span class='ocrx_word' id='word_1_41' title='bbox 797 888 1001 961; x_wconf 87' lang='lat' dir='ltr'>quamquam</span> <span class='ocrx_word' id='word_1_42' title='bbox 1014 886 1080 962; x_wconf 80' lang='lat' dir='ltr'>ego</span> 
     </span>
     <span class='ocr_line' id='line_1_7' title="bbox 86 967 1083 1071; baseline 0.002 -24"><span class='ocrx_word' id='word_1_43' title='bbox 86 972 147 1047; x_wconf 82' lang='lat' dir='ltr'>illi</span> <span class='ocrx_word' id='word_1_44' title='bbox 162 985 243 1045; x_wconf 89' lang='lat' dir='ltr'>tum</span> <span class='ocrx_word' id='word_1_45' title='bbox 256 971 440 1046; x_wconf 87' lang='lat' dir='ltr'>verborum</span> <span class='ocrx_word' id='word_1_46' title='bbox 454 967 586 1044; x_wconf 89' lang='lat' dir='ltr'>laudem</span> <span class='ocrx_word' id='word_1_47' title='bbox 606 972 727 1061; x_wconf 89' lang='lat' dir='ltr'>tribui,</span> <span class='ocrx_word' id='word_1_48' title='bbox 739 997 880 1071; x_wconf 88' lang='lat' dir='ltr'>eamque</span> <span class='ocrx_word' id='word_1_49' title='bbox 899 976 1083 1049; x_wconf 85' lang='lat' dir='ltr'><strong>modicam.</strong></span> 
     </span>
     <span class='ocr_line' id='line_1_8' title="bbox 85 1082 1082 1181; baseline -0.002 -21"><span class='ocrx_word' id='word_1_50' title='bbox 85 1082 260 1159; x_wconf 79' lang='lat' dir='ltr'>Decrevi</span> <span class='ocrx_word' id='word_1_51' title='bbox 271 1083 370 1155; x_wconf 91' lang='lat' dir='ltr'>etiam</span> <span class='ocrx_word' id='word_1_52' title='bbox 384 1082 561 1179; x_wconf 84' lang='lat' dir='ltr'>imperium</span> <span class='ocrx_word' id='word_1_53' title='bbox 579 1110 587 1156; x_wconf 79' lang='lat' dir='ltr'>t</span> <span class='ocrx_word' id='word_1_54' title='bbox 604 1083 699 1181; x_wconf 91' lang='lat' dir='ltr'>quod</span> <span class='ocrx_word' id='word_1_55' title='bbox 718 1107 921 1180; x_wconf 89' lang='lat' dir='ltr'>quamquam</span> <span class='ocrx_word' id='word_1_56' title='bbox 938 1086 1082 1158; x_wconf 84' lang='lat' dir='ltr'>videba-</span> 
     </span>
     <span class='ocr_line' id='line_1_9' title="bbox 88 1191 1083 1283; baseline -0.003 -14"><span class='ocrx_word' id='word_1_57' title='bbox 88 1214 155 1269; x_wconf 85' lang='lat' dir='ltr'>tur</span> <span class='ocrx_word' id='word_1_58' title='bbox 169 1193 222 1265; x_wconf 90' lang='lat' dir='ltr'>illi</span> <span class='ocrx_word' id='word_1_59' title='bbox 237 1191 333 1264; x_wconf 88' lang='lat' dir='ltr'>aetati</span> <span class='ocrx_word' id='word_1_60' title='bbox 351 1191 600 1283; x_wconf 83' lang='lat' dir='ltr'>honorificum,</span> <span class='ocrx_word' id='word_1_61' title='bbox 614 1210 725 1264; x_wconf 88' lang='lat' dir='ltr'>tamen</span> <span class='ocrx_word' id='word_1_62' title='bbox 738 1210 809 1264; x_wconf 87' lang='lat' dir='ltr'>erat</span> <span class='ocrx_word' id='word_1_63' title='bbox 823 1194 1002 1265; x_wconf 82' lang='lat' dir='ltr'>exercitum</span> <span class='ocrx_word' id='word_1_64' title='bbox 1023 1195 1083 1266; x_wconf 89' lang='lat' dir='ltr'>ha·</span> 
     </span>
     <span class='ocr_line' id='line_1_10' title="bbox 85 1296 1082 1404; baseline -0.003 -23"><span class='ocrx_word' id='word_1_65' title='bbox 85 1306 200 1381; x_wconf 73' lang='lat' dir='ltr'>beuti</span> <span class='ocrx_word' id='word_1_66' title='bbox 214 1296 443 1379; x_wconf 73' lang='lat' dir='ltr'>necessarium.</span> <span class='ocrx_word' id='word_1_67' title='bbox 459 1307 542 1404; x_wconf 84' lang='lat' dir='ltr'>quid</span> <span class='ocrx_word' id='word_1_68' title='bbox 561 1307 651 1377; x_wconf 89' lang='lat' dir='ltr'>enim</span> <span class='ocrx_word' id='word_1_69' title='bbox 666 1304 713 1378; x_wconf 88' lang='lat' dir='ltr'>esl</span> <span class='ocrx_word' id='word_1_70' title='bbox 726 1305 794 1376; x_wconf 82' lang='lat' dir='ltr'>stne</span> <span class='ocrx_word' id='word_1_71' title='bbox 814 1303 958 1400; x_wconf 91' lang='lat' dir='ltr'>imperio</span> <span class='ocrx_word' id='word_1_72' title='bbox 981 1331 1082 1379; x_wconf 85' lang='lat' dir='ltr'>exer·</span> 
     </span>
     <span class='ocr_line' id='line_1_11' title="bbox 91 1410 1083 1510; baseline -0.007 -19"><span class='ocrx_word' id='word_1_73' title='bbox 91 1415 224 1491; x_wconf 78' lang='lat' dir='ltr'>citus?</span> <span class='ocrx_word' id='word_1_74' title='bbox 247 1417 393 1491; x_wconf 81' lang='lat' dir='ltr'><strong>Statuam</strong></span> <span class='ocrx_word' id='word_1_75' title='bbox 419 1415 589 1510; x_wconf 84' lang='lat' dir='ltr'>Philippus</span> <span class='ocrx_word' id='word_1_76' title='bbox 615 1410 784 1502; x_wconf 86' lang='lat' dir='ltr'>decrevit,</span> <span class='ocrx_word' id='word_1_77' title='bbox 799 1412 1001 1485; x_wconf 80' lang='lat' dir='ltr'><strong>celeritatem</strong></span> <span class='ocrx_word' id='word_1_78' title='bbox 1022 1440 1083 1509; x_wconf 88' lang='lat' dir='ltr'>pe·</span> 
     </span>
     <span class='ocr_line' id='line_1_12' title="bbox 91 1520 1086 1618; baseline -0.001 -20"><span class='ocrx_word' id='word_1_79' title='bbox 91 1523 243 1599; x_wconf 84' lang='lat' dir='ltr'>titionis</span> <span class='ocrx_word' id='word_1_80' title='bbox 253 1524 364 1617; x_wconf 91' lang='lat' dir='ltr'>ptimo</span> <span class='ocrx_word' id='word_1_81' title='bbox 377 1521 530 1609; x_wconf 81' lang='lat' dir='ltr'>Servius,</span> <span class='ocrx_word' id='word_1_82' title='bbox 543 1520 619 1618; x_wconf 89' lang='lat' dir='ltr'>post</span> <span class='ocrx_word' id='word_1_83' title='bbox 631 1521 792 1593; x_wconf 85' lang='lat' dir='ltr'>maiorem</span> <span class='ocrx_word' id='word_1_84' title='bbox 803 1520 903 1593; x_wconf 89' lang='lat' dir='ltr'>etiam</span> <span class='ocrx_word' id='word_1_85' title='bbox 916 1521 1086 1597; x_wconf 76' lang='lat' dir='ltr'>Servilius.</span> 
     </span>
     <span class='ocr_line' id='line_1_13' title="bbox 89 1629 1081 1730; baseline 0 -26"><span class='ocrx_word' id='word_1_86' title='bbox 89 1631 191 1711; x_wconf 64' lang='lat' dir='ltr'>ruhi!</span> <span class='ocrx_word' id='word_1_87' title='bbox 216 1649 290 1703; x_wconf 90' lang='lat' dir='ltr'>tum</span> <span class='ocrx_word' id='word_1_88' title='bbox 315 1631 455 1703; x_wconf 81' lang='lat' dir='ltr'>nimium</span> <span class='ocrx_word' id='word_1_89' title='bbox 473 1630 660 1703; x_wconf 89' lang='lat' dir='ltr'>videbatur.</span> <span class='ocrx_word' id='word_1_90' title='bbox 680 1629 745 1702; x_wconf 87' lang='lat' dir='ltr'>Sed</span> <span class='ocrx_word' id='word_1_91' title='bbox 772 1631 885 1704; x_wconf 91' lang='lat' dir='ltr'>nescio</span> <span class='ocrx_word' id='word_1_92' title='bbox 902 1634 1081 1730; x_wconf 90' lang='lat' dir='ltr'>quomodo</span> 
     </span>
     <span class='ocr_line' id='line_1_14' title="bbox 89 1740 1087 1841; baseline -0.002 -23"><span class='ocrx_word' id='word_1_93' title='bbox 89 1741 240 1819; x_wconf 78' lang='lat' dir='ltr'>facilius</span> <span class='ocrx_word' id='word_1_94' title='bbox 262 1740 300 1812; x_wconf 89' lang='lat' dir='ltr'>in</span> <span class='ocrx_word' id='word_1_95' title='bbox 329 1742 452 1814; x_wconf 89' lang='lat' dir='ltr'>timore</span> <span class='ocrx_word' id='word_1_96' title='bbox 481 1742 638 1839; x_wconf 84' lang='lat' dir='ltr'>benigni,</span> <span class='ocrx_word' id='word_1_97' title='bbox 660 1767 760 1839; x_wconf 89' lang='lat' dir='ltr'>quam</span> <span class='ocrx_word' id='word_1_98' title='bbox 779 1743 814 1812; x_wconf 91' lang='lat' dir='ltr'>in</span> <span class='ocrx_word' id='word_1_99' title='bbox 833 1743 978 1816; x_wconf 69' lang='lat' dir='ltr'>vidioria</span> <span class='ocrx_word' id='word_1_100' title='bbox 1001 1744 1087 1841; x_wconf 86' lang='lat' dir='ltr'>grati</span> 
     </span>
     <span class='ocr_line' id='line_1_15' title="bbox 91 1850 1087 1951; baseline 0.001 -27"><span class='ocrx_word' id='word_1_101' title='bbox 91 1853 332 1951; x_wconf 81' lang='lat' dir='ltr'>reperiuntur.</span> <span class='ocrx_word' id='word_1_102' title='bbox 355 1856 429 1948; x_wconf 86' lang='lat' dir='ltr'>Ego</span> <span class='ocrx_word' id='word_1_103' title='bbox 444 1852 556 1940; x_wconf 87' lang='lat' dir='ltr'>enim,</span> <span class='ocrx_word' id='word_1_104' title='bbox 570 1853 616 1922; x_wconf 93' lang='lat' dir='ltr'>D.</span> <span class='ocrx_word' id='word_1_105' title='bbox 631 1850 738 1922; x_wconf 85' lang='lat' dir='ltr'>Bruto</span> <span class='ocrx_word' id='word_1_106' title='bbox 753 1850 913 1941; x_wconf 88' lang='lat' dir='ltr'>liberato,</span> <span class='ocrx_word' id='word_1_107' title='bbox 928 1879 1006 1923; x_wconf 89' lang='lat' dir='ltr'>cum</span> <span class='ocrx_word' id='word_1_108' title='bbox 1021 1853 1087 1925; x_wconf 86' lang='lat' dir='ltr'>lae·</span> 
     </span>
     <span class='ocr_line' id='line_1_16' title="bbox 93 1957 1135 2056; baseline -0.006 -19"><span class='ocrx_word' id='word_1_109' title='bbox 93 1962 254 2037; x_wconf 88' lang='lat' dir='ltr'>tiffimus</span> <span class='ocrx_word' id='word_1_110' title='bbox 267 1959 321 2031; x_wconf 90' lang='lat' dir='ltr'>ille</span> <span class='ocrx_word' id='word_1_111' title='bbox 330 1958 458 2031; x_wconf 89' lang='lat' dir='ltr'>civitati</span> <span class='ocrx_word' id='word_1_112' title='bbox 470 1958 539 2030; x_wconf 84' lang='lat' dir='ltr'>dies</span> <span class='ocrx_word' id='word_1_113' title='bbox 552 1957 728 2048; x_wconf 72' lang='lat' dir='ltr'>illuxisset,</span> <span class='ocrx_word' id='word_1_114' title='bbox 743 1959 900 2056; x_wconf 85' lang='lat' dir='ltr'>idemque</span> <span class='ocrx_word' id='word_1_115' title='bbox 912 1960 989 2031; x_wconf 87' lang='lat' dir='ltr'>casu</span> <span class='ocrx_word' id='word_1_116' title='bbox 1001 1961 1086 2031; x_wconf 85' lang='lat' dir='ltr'>Bru·</span> <span class='ocrx_word' id='word_1_117' title='bbox 1134 2039 1135 2042; x_wconf 8' lang='grc' dir='ltr'><strong>Ἴ</strong></span> 
     </span>
     <span class='ocr_line' id='line_1_17' title="bbox 89 2065 1140 2155; baseline -0.001 -14"><span class='ocrx_word' id='word_1_118' title='bbox 89 2068 269 2155; x_wconf 56' lang='lat' dir='ltr'>{natalia</span> <span class='ocrx_word' id='word_1_119' title='bbox 293 2067 394 2151; x_wconf 66' lang='lat' dir='ltr'>effen</span> <span class='ocrx_word' id='word_1_120' title='bbox 417 2068 578 2153; x_wconf 85' lang='lat' dir='ltr'>decrevi,</span> <span class='ocrx_word' id='word_1_121' title='bbox 598 2086 635 2137; x_wconf 93' lang='lat' dir='ltr'>ut</span> <span class='ocrx_word' id='word_1_122' title='bbox 661 2068 696 2138; x_wconf 88' lang='lat' dir='ltr'>in</span> <span class='ocrx_word' id='word_1_123' title='bbox 720 2065 809 2139; x_wconf 81' lang='lat' dir='ltr'>fastis</span> <span class='ocrx_word' id='word_1_124' title='bbox 830 2069 872 2139; x_wconf 95' lang='lat' dir='ltr'>ad</span> <span class='ocrx_word' id='word_1_125' title='bbox 898 2092 974 2140; x_wconf 92' lang='lat' dir='ltr'>eum</span> <span class='ocrx_word' id='word_1_126' title='bbox 994 2068 1085 2141; x_wconf 90' lang='lat' dir='ltr'>diem</span> <span class='ocrx_word' id='word_1_127' title='bbox 1137 2118 1140 2123; x_wconf 93' lang='lat'>-</span> 
     </span>
     <span class='ocr_line' id='line_1_18' title="bbox 94 2174 1086 2271; baseline -0.004 -18"><span class='ocrx_word' id='word_1_128' title='bbox 94 2179 203 2253; x_wconf 89' lang='lat' dir='ltr'>Bruti</span> <span class='ocrx_word' id='word_1_129' title='bbox 228 2202 353 2248; x_wconf 89' lang='lat' dir='ltr'>nomen</span> <span class='ocrx_word' id='word_1_130' title='bbox 368 2174 616 2248; x_wconf 85' lang='lat' dir='ltr'>adscriberetur.</span> <span class='ocrx_word' id='word_1_131' title='bbox 634 2175 669 2247; x_wconf 89' lang='lat' dir='ltr'>in</span> <span class='ocrx_word' id='word_1_132' title='bbox 688 2198 800 2271; x_wconf 89' lang='lat' dir='ltr'>eoque</span> <span class='ocrx_word' id='word_1_133' title='bbox 824 2174 895 2263; x_wconf 87' lang='lat' dir='ltr'>sum</span> <span class='ocrx_word' id='word_1_134' title='bbox 920 2174 1086 2249; x_wconf 83' lang='lat' dir='ltr'>maiorum</span> 
     </span>
     <span class='ocr_line' id='line_1_19' title="bbox 95 2284 1087 2385; baseline -0.007 -22"><span class='ocrx_word' id='word_1_135' title='bbox 95 2289 307 2385; x_wconf 78' lang='lat' dir='ltr'>exemplum</span> <span class='ocrx_word' id='word_1_136' title='bbox 328 2287 480 2373; x_wconf 84' lang='lat' dir='ltr'>secutus,</span> <span class='ocrx_word' id='word_1_137' title='bbox 497 2287 556 2382; x_wconf 92' lang='lat' dir='ltr'>qui</span> <span class='ocrx_word' id='word_1_138' title='bbox 573 2286 663 2358; x_wconf 88' lang='lat' dir='ltr'>hunc</span> <span class='ocrx_word' id='word_1_139' title='bbox 685 2285 854 2358; x_wconf 88' lang='lat' dir='ltr'>honorem</span> <span class='ocrx_word' id='word_1_140' title='bbox 871 2284 1003 2358; x_wconf 83' lang='lat' dir='ltr'>mulieri</span> <span class='ocrx_word' id='word_1_141' title='bbox 1021 2288 1087 2357; x_wconf 86' lang='lat' dir='ltr'>La·</span> 
     </span>
     <span class='ocr_line' id='line_1_20' title="bbox 95 2396 1087 2497; baseline -0.004 -24"><span class='ocrx_word' id='word_1_142' title='bbox 95 2397 236 2473; x_wconf 76' lang='lat' dir='ltr'>tentiae</span> <span class='ocrx_word' id='word_1_143' title='bbox 245 2396 453 2486; x_wconf 88' lang='lat' dir='ltr'>tribuerunt,</span> <span class='ocrx_word' id='word_1_144' title='bbox 468 2399 521 2470; x_wconf 88' lang='lat' dir='ltr'>cui</span> <span class='ocrx_word' id='word_1_145' title='bbox 535 2424 600 2470; x_wconf 82' lang='lat' dir='ltr'>vos</span> <span class='ocrx_word' id='word_1_146' title='bbox 617 2396 791 2494; x_wconf 83' lang='lat' dir='ltr'>pontifices</span> <span class='ocrx_word' id='word_1_147' title='bbox 806 2397 849 2468; x_wconf 89' lang='lat' dir='ltr'>ad</span> <span class='ocrx_word' id='word_1_148' title='bbox 862 2424 952 2469; x_wconf 88' lang='lat' dir='ltr'>aram</span> <span class='ocrx_word' id='word_1_149' title='bbox 965 2398 1001 2468; x_wconf 89' lang='lat' dir='ltr'>in</span> <span class='ocrx_word' id='word_1_150' title='bbox 1014 2401 1087 2497; x_wconf 81' lang='lat' dir='ltr'>Ve-</span> 
     </span>
     <span class='ocr_line' id='line_1_21' title="bbox 94 2503 1086 2607; baseline 0 -29"><span class='ocrx_word' id='word_1_151' title='bbox 94 2507 208 2607; x_wconf 68' lang='lat' dir='ltr'>labro</span> <span class='ocrx_word' id='word_1_152' title='bbox 233 2503 342 2578; x_wconf 87' lang='lat' dir='ltr'>facere</span> <span class='ocrx_word' id='word_1_153' title='bbox 364 2505 484 2580; x_wconf 81' lang='lat' dir='ltr'>soleris.</span> <span class='ocrx_word' id='word_1_154' title='bbox 507 2511 600 2607; x_wconf 84' lang='lat' dir='ltr'>quod</span> <span class='ocrx_word' id='word_1_155' title='bbox 625 2531 693 2603; x_wconf 84' lang='lat' dir='ltr'>ego</span> <span class='ocrx_word' id='word_1_156' title='bbox 709 2532 786 2578; x_wconf 90' lang='lat' dir='ltr'>cum</span> <span class='ocrx_word' id='word_1_157' title='bbox 808 2507 927 2584; x_wconf 86' lang='lat' dir='ltr'>dabam</span> <span class='ocrx_word' id='word_1_158' title='bbox 952 2509 1086 2601; x_wconf 83' lang='lat' dir='ltr'>Bruto,</span> 
     </span>
     <span class='ocr_line' id='line_1_22' title="bbox 100 2615 1087 2714; baseline -0.003 -21"><span class='ocrx_word' id='word_1_159' title='bbox 100 2638 233 2693; x_wconf 83' lang='lat' dir='ltr'>notam</span> <span class='ocrx_word' id='word_1_160' title='bbox 255 2615 320 2688; x_wconf 86' lang='lat' dir='ltr'>elle</span> <span class='ocrx_word' id='word_1_161' title='bbox 347 2616 383 2687; x_wconf 91' lang='lat' dir='ltr'>in</span> <span class='ocrx_word' id='word_1_162' title='bbox 409 2615 497 2689; x_wconf 76' lang='lat' dir='ltr'>fastis</span> <span class='ocrx_word' id='word_1_163' title='bbox 514 2616 708 2713; x_wconf 72' lang='lat' dir='ltr'>gratiffimae</span> <span class='ocrx_word' id='word_1_164' title='bbox 732 2617 894 2690; x_wconf 74' lang='lat' dir='ltr'>victoriae</span> <span class='ocrx_word' id='word_1_165' title='bbox 912 2617 1087 2714; x_wconf 89' lang='lat' dir='ltr'>sempiter-</span> 
     </span>
     <span class='ocr_line' id='line_1_23' title="bbox 101 2723 1104 2824; baseline 0.003 -25"><span class='ocrx_word' id='word_1_166' title='bbox 101 2750 191 2799; x_wconf 84' lang='lat' dir='ltr'>nam</span> <span class='ocrx_word' id='word_1_167' title='bbox 208 2723 377 2798; x_wconf 81' lang='lat' dir='ltr'>volebam.</span> <span class='ocrx_word' id='word_1_168' title='bbox 397 2745 496 2823; x_wconf 90' lang='lat' dir='ltr'>atque</span> <span class='ocrx_word' id='word_1_169' title='bbox 516 2727 576 2798; x_wconf 91' lang='lat' dir='ltr'>illo</span> <span class='ocrx_word' id='word_1_170' title='bbox 599 2728 652 2799; x_wconf 89' lang='lat' dir='ltr'>die</span> <span class='ocrx_word' id='word_1_171' title='bbox 671 2729 842 2823; x_wconf 84' lang='lat' dir='ltr'>cognovi,</span> <span class='ocrx_word' id='word_1_172' title='bbox 854 2730 953 2824; x_wconf 90' lang='lat' dir='ltr'>paulo</span> <span class='ocrx_word' id='word_1_173' title='bbox 973 2730 1104 2824; x_wconf 76' lang='lat' dir='ltr'>plures¹</span> 
     </span>
     <span class='ocr_line' id='line_1_24' title="bbox 100 2832 1088 2935; baseline -0.001 -26"><span class='ocrx_word' id='word_1_174' title='bbox 100 2834 145 2909; x_wconf 88' lang='lat' dir='ltr'>in</span> <span class='ocrx_word' id='word_1_175' title='bbox 159 2833 275 2908; x_wconf 89' lang='lat' dir='ltr'>senatu</span> <span class='ocrx_word' id='word_1_176' title='bbox 288 2832 476 2905; x_wconf 84' lang='lat' dir='ltr'>malevolos</span> <span class='ocrx_word' id='word_1_177' title='bbox 495 2834 581 2924; x_wconf 82' lang='lat' dir='ltr'>elle,</span> <span class='ocrx_word' id='word_1_178' title='bbox 594 2861 693 2931; x_wconf 83' lang='lat' dir='ltr'>quam</span> <span class='ocrx_word' id='word_1_179' title='bbox 712 2856 834 2933; x_wconf 88' lang='lat' dir='ltr'>gratos.</span> <span class='ocrx_word' id='word_1_180' title='bbox 858 2840 924 2908; x_wconf 85' lang='lat' dir='ltr'>Eos</span> <span class='ocrx_word' id='word_1_181' title='bbox 945 2864 1007 2933; x_wconf 89' lang='lat' dir='ltr'>per</span> <span class='ocrx_word' id='word_1_182' title='bbox 1032 2839 1088 2935; x_wconf 90' lang='lat' dir='ltr'>ip-</span> 
     </span>
     <span class='ocr_line' id='line_1_25' title="bbox 101 2939 1090 3042; baseline 0 -23"><span class='ocrx_word' id='word_1_183' title='bbox 101 2944 168 3019; x_wconf 73' lang='lat' dir='ltr'>sos</span> <span class='ocrx_word' id='word_1_184' title='bbox 183 2944 278 3030; x_wconf 86' lang='lat' dir='ltr'>dies,</span> <span class='ocrx_word' id='word_1_185' title='bbox 293 2941 429 3042; x_wconf 86' lang='lat' dir='ltr'>effudi(</span> <span class='ocrx_word' id='word_1_186' title='bbox 451 2944 476 3014; x_wconf 83' lang='lat' dir='ltr'>fi</span> <span class='ocrx_word' id='word_1_187' title='bbox 500 2944 546 3032; x_wconf 84' lang='lat' dir='ltr'>ira</span> <span class='ocrx_word' id='word_1_188' title='bbox 567 2943 621 3015; x_wconf 87' lang='lat' dir='ltr'>vis</span> <span class='ocrx_word' id='word_1_189' title='bbox 641 2939 659 3040; x_wconf 91' lang='lat'>)</span> <span class='ocrx_word' id='word_1_190' title='bbox 677 2944 825 3014; x_wconf 83' lang='lat' dir='ltr'>honores</span> <span class='ocrx_word' id='word_1_191' title='bbox 848 2945 882 3013; x_wconf 89' lang='lat' dir='ltr'>in</span> <span class='ocrx_word' id='word_1_192' title='bbox 911 2949 1090 3035; x_wconf 87' lang='lat' dir='ltr'>mortuos,</span> 
     </span>
     <span class='ocr_line' id='line_1_26' title="bbox 97 3053 1090 3154; baseline 0.002 -25"><span class='ocrx_word' id='word_1_193' title='bbox 97 3054 268 3129; x_wconf 75' lang='lat' dir='ltr'>&#39;Hirtium</span> <span class='ocrx_word' id='word_1_194' title='bbox 283 3072 316 3125; x_wconf 90' lang='lat' dir='ltr'>et</span> <span class='ocrx_word' id='word_1_195' title='bbox 328 3053 480 3141; x_wconf 85' lang='lat' dir='ltr'>Pansam,</span> <span class='ocrx_word' id='word_1_196' title='bbox 490 3053 643 3151; x_wconf 81' lang='lat' dir='ltr'>Aquilam</span> <span class='ocrx_word' id='word_1_197' title='bbox 658 3054 770 3126; x_wconf 88' lang='lat' dir='ltr'>etiam.</span> <span class='ocrx_word' id='word_1_198' title='bbox 785 3057 878 3150; x_wconf 88' lang='lat' dir='ltr'>quod</span> <span class='ocrx_word' id='word_1_199' title='bbox 891 3057 965 3152; x_wconf 89' lang='lat' dir='ltr'>quis</span> <span class='ocrx_word' id='word_1_200' title='bbox 977 3083 1090 3154; x_wconf 86' lang='lat' dir='ltr'>repre·</span> 
     </span>
     <span class='ocr_line' id='line_1_27' title="bbox 103 3163 1087 3266; baseline 0.004 -27"><span class='ocrx_word' id='word_1_201' title='bbox 103 3163 327 3253; x_wconf 78' lang='lat' dir='ltr'>bendit,nis1</span> <span class='ocrx_word' id='word_1_202' title='bbox 350 3167 429 3263; x_wconf 91' lang='lat' dir='ltr'>qui,</span> <span class='ocrx_word' id='word_1_203' title='bbox 449 3165 601 3260; x_wconf 77' lang='lat' dir='ltr'>deposito</span> <span class='ocrx_word' id='word_1_204' title='bbox 621 3182 732 3253; x_wconf 85' lang='lat' dir='ltr'>metu,</span> <span class='ocrx_word' id='word_1_205' title='bbox 755 3167 923 3261; x_wconf 87' lang='lat' dir='ltr'>praeteriti</span> <span class='ocrx_word' id='word_1_206' title='bbox 949 3169 1087 3266; x_wconf 90' lang='lat' dir='ltr'>periculi</span> 
     </span>
     <span class='ocr_line' id='line_1_28' title="bbox 104 3272 1088 3354; baseline 0.005 -5"><span class='ocrx_word' id='word_1_207' title='bbox 104 3275 218 3349; x_wconf 75' lang='lat' dir='ltr'>fiterit</span> <span class='ocrx_word' id='word_1_208' title='bbox 237 3272 394 3347; x_wconf 83' lang='lat' dir='ltr'>oblitus?</span> <span class='ocrx_word' id='word_1_209' title='bbox 421 3273 611 3348; x_wconf 79' lang='lat' dir='ltr'>Accedebat</span> <span class='ocrx_word' id='word_1_210' title='bbox 640 3273 683 3347; x_wconf 88' lang='lat' dir='ltr'>ad</span> <span class='ocrx_word' id='word_1_211' title='bbox 706 3273 861 3348; x_wconf 83' lang='lat' dir='ltr'>beneficii</span> <span class='ocrx_word' id='word_1_212' title='bbox 887 3279 1088 3354; x_wconf 89' lang='lat' dir='ltr'>memoriam</span> 
     </span>
    </p>
   </div>
   <div class='ocr_carea' id='block_1_3' title="bbox 110 3383 1095 3700">
    <p class='ocr_par' dir='ltr' id='par_1_3' title="bbox 110 3383 1095 3700">
     <span class='ocr_line' id='line_1_29' title="bbox 111 3383 1091 3485; baseline 0.002 -27"><span class='ocrx_word' id='word_1_213' title='bbox 111 3404 249 3485; x_wconf 83' lang='lat' dir='ltr'>gratam</span> <span class='ocrx_word' id='word_1_214' title='bbox 272 3386 359 3457; x_wconf 89' lang='lat' dir='ltr'>ratio</span> <span class='ocrx_word' id='word_1_215' title='bbox 377 3384 453 3474; x_wconf 88' lang='lat' dir='ltr'>illa,</span> <span class='ocrx_word' id='word_1_216' title='bbox 470 3410 557 3481; x_wconf 85' lang='lat' dir='ltr'>quae</span> <span class='ocrx_word' id='word_1_217' title='bbox 574 3383 672 3455; x_wconf 89' lang='lat' dir='ltr'>etiam</span> <span class='ocrx_word' id='word_1_218' title='bbox 686 3384 825 3478; x_wconf 77' lang='lat' dir='ltr'>posteris</span> <span class='ocrx_word' id='word_1_219' title='bbox 837 3386 917 3457; x_wconf 85' lang='lat' dir='ltr'>eslet</span> <span class='ocrx_word' id='word_1_220' title='bbox 935 3387 1091 3460; x_wconf 79' lang='lat' dir='ltr'>salutaris.</span> 
     </span>
     <span class='ocr_line' id='line_1_30' title="bbox 110 3493 1095 3587; baseline 0 -17"><span class='ocrx_word' id='word_1_221' title='bbox 110 3494 257 3571; x_wconf 83' lang='lat' dir='ltr'>Exstare</span> <span class='ocrx_word' id='word_1_222' title='bbox 270 3494 360 3566; x_wconf 91' lang='lat' dir='ltr'>enim</span> <span class='ocrx_word' id='word_1_223' title='bbox 376 3495 531 3567; x_wconf 86' lang='lat' dir='ltr'>volebam</span> <span class='ocrx_word' id='word_1_224' title='bbox 544 3493 579 3564; x_wconf 93' lang='lat' dir='ltr'>in</span> <span class='ocrx_word' id='word_1_225' title='bbox 593 3493 832 3587; x_wconf 81' lang='lat' dir='ltr'>crudelislimos</span> <span class='ocrx_word' id='word_1_226' title='bbox 847 3495 956 3568; x_wconf 84' lang='lat' dir='ltr'>holles</span> <span class='ocrx_word' id='word_1_227' title='bbox 970 3521 1095 3583; x_wconf 79' lang='lat' dir='ltr'>monu-</span> 
     </span>
     <span class='ocr_line' id='line_1_31' title="bbox 112 3601 1093 3700; baseline 0.001 -21"><span class='ocrx_word' id='word_1_228' title='bbox 112 3621 234 3679; x_wconf 88' lang='lat' dir='ltr'>menta</span> <span class='ocrx_word' id='word_1_229' title='bbox 250 3601 322 3673; x_wconf 92' lang='lat' dir='ltr'>odii</span> <span class='ocrx_word' id='word_1_230' title='bbox 343 3603 470 3700; x_wconf 89' lang='lat' dir='ltr'>publici</span> <span class='ocrx_word' id='word_1_231' title='bbox 485 3602 695 3698; x_wconf 86' lang='lat' dir='ltr'>sempiterna.</span> <span class='ocrx_word' id='word_1_232' title='bbox 715 3602 872 3698; x_wconf 83' lang='lat' dir='ltr'>Suspicor</span> <span class='ocrx_word' id='word_1_233' title='bbox 886 3604 967 3677; x_wconf 89' lang='lat' dir='ltr'>illud</span> <span class='ocrx_word' id='word_1_234' title='bbox 983 3607 1093 3693; x_wconf 83' lang='lat' dir='ltr'>minut</span> 
     </span>
    </p>
   </div>
   <div class='ocr_carea' id='block_1_4' title="bbox 112 3711 1091 3812">
    <p class='ocr_par' dir='ltr' id='par_1_4' title="bbox 112 3711 1091 3812">
     <span class='ocr_line' id='line_1_32' title="bbox 112 3711 1091 3812; baseline 0.003 -26"><span class='ocrx_word' id='word_1_235' title='bbox 112 3714 180 3793; x_wconf 69' lang='lat' dir='ltr'>cibi</span> <span class='ocrx_word' id='word_1_236' title='bbox 193 3712 359 3812; x_wconf 84' lang='lat' dir='ltr'>probari,</span> <span class='ocrx_word' id='word_1_237' title='bbox 377 3712 473 3812; x_wconf 88' lang='lat' dir='ltr'>quod</span> <span class='ocrx_word' id='word_1_238' title='bbox 490 3713 532 3796; x_wconf 88' lang='lat' dir='ltr'>ab</span> <span class='ocrx_word' id='word_1_239' title='bbox 543 3712 609 3786; x_wconf 80' lang='lat' dir='ltr'>tuis</span> <span class='ocrx_word' id='word_1_240' title='bbox 622 3711 858 3803; x_wconf 76' lang='lat' dir='ltr'>familiaribus,</span> <span class='ocrx_word' id='word_1_241' title='bbox 868 3714 1003 3812; x_wconf 83' lang='lat' dir='ltr'>optimis</span> <span class='ocrx_word' id='word_1_242' title='bbox 1025 3716 1091 3789; x_wconf 75' lang='lat' dir='ltr'>illic</span> 
     </span>
    </p>
   </div>
   <div class='ocr_carea' id='block_1_5' title="bbox 1022 4058 1038 4109">
    <p class='ocr_par' dir='ltr' id='par_1_5' title="bbox 1022 4058 1038 4109">
     <span class='ocr_line' id='line_1_33' title="bbox 1022 4058 1038 4109; baseline 0 0"><span class='ocrx_word' id='word_1_243' title='bbox 1022 4058 1038 4109; x_wconf 72' lang='lat' dir='ltr'>l</span> 
     </span>
    </p>
   </div>
   <div class='ocr_carea' id='block_1_6' title="bbox 0 0 1183 4238">
    <p class='ocr_par' dir='ltr' id='par_1_6' title="bbox 0 0 1183 4238">
     <span class='ocr_line' id='line_1_34' title="bbox 0 0 1183 4238; baseline 0 0"><span class='ocrx_word' id='word_1_244' title='bbox 0 0 1183 4238; x_wconf 95' lang='lat' dir='ltr'> </span> 
     </span>
    </p>
   </div>
  </div>
 </body>
</html>
