<?xml version="1.0" encoding="UTF-8"?>
<!DOCTYPE html PUBLIC "-//W3C//DTD XHTML 1.0 Transitional//EN"
    "http://www.w3.org/TR/xhtml1/DTD/xhtml1-transitional.dtd">
<html xmlns="http://www.w3.org/1999/xhtml" xml:lang="en" lang="en">
 <head>
  <title>
</title>
<meta http-equiv="Content-Type" content="text/html;charset=utf-8" />
  <meta name='ocr-system' content='tesseract 3.04.00' />
  <meta name='ocr-capabilities' content='ocr_page ocr_carea ocr_par ocr_line ocrx_word'/>
</head>
<body>
  <div class='ocr_page' id='page_1' title='image "./mtulliiciceroni02plutgoog/mtulliiciceroni02plutgoog_0159.png"; bbox 0 0 2348 4238; ppageno 0'>
   <div class='ocr_carea' id='block_1_1' title="bbox 116 110 1016 212">
    <p class='ocr_par' dir='ltr' id='par_1_1' title="bbox 116 110 1016 212">
     <span class='ocr_line' id='line_1_1' title="bbox 116 110 1016 212; baseline -0.001 -26"><span class='ocrx_word' id='word_1_1' title='bbox 116 194 120 200; x_wconf 69' lang='grc'>,</span> <span class='ocrx_word' id='word_1_2' title='bbox 163 110 231 212; x_wconf 52' lang='grc' dir='ltr'>ιιι</span> <span class='ocrx_word' id='word_1_3' title='bbox 291 112 609 185; x_wconf 74' lang='lat' dir='ltr'>remotarum</span> <span class='ocrx_word' id='word_1_4' title='bbox 633 110 701 184; x_wconf 84' lang='grc' dir='ltr'>ιι)</span> <span class='ocrx_word' id='word_1_5' title='bbox 724 112 770 205; x_wconf 84' lang='lat' dir='ltr'>Q.</span> <span class='ocrx_word' id='word_1_6' title='bbox 797 112 1016 187; x_wconf 83' lang='grc' dir='ltr'><strong>ιιιιιιιι</strong></span> 
     </span>
    </p>
   </div>
   <div class='ocr_carea' id='block_1_2' title="bbox 36 272 1149 1355">
    <p class='ocr_par' dir='ltr' id='par_1_2' title="bbox 36 272 1149 1355">
     <span class='ocr_line' id='line_1_2' title="bbox 157 272 1100 371; baseline 0.002 -24"><span class='ocrx_word' id='word_1_7' title='bbox 157 273 279 371; x_wconf 86' lang='lat' dir='ltr'>poffit,</span> <span class='ocrx_word' id='word_1_8' title='bbox 304 299 412 371; x_wconf 89' lang='lat' dir='ltr'>aequo</span> <span class='ocrx_word' id='word_1_9' title='bbox 424 272 537 345; x_wconf 89' lang='lat' dir='ltr'>animo</span> <span class='ocrx_word' id='word_1_10' title='bbox 552 295 644 368; x_wconf 89' lang='lat' dir='ltr'>patre</span> <span class='ocrx_word' id='word_1_11' title='bbox 663 273 774 371; x_wconf 83' lang='lat' dir='ltr'>aliqua</span> <span class='ocrx_word' id='word_1_12' title='bbox 793 274 930 347; x_wconf 82' lang='lat' dir='ltr'>luorum</span> <span class='ocrx_word' id='word_1_13' title='bbox 949 272 1100 349; x_wconf 70' lang='lat' dir='ltr'>fmflnn</span> 
     </span>
     <span class='ocr_line' id='line_1_3' title="bbox 98 382 1100 481; baseline -0.004 -25"><span class='ocrx_word' id='word_1_14' title='bbox 98 406 141 456; x_wconf 88' lang='grc' dir='ltr'>ιι</span> <span class='ocrx_word' id='word_1_15' title='bbox 156 409 272 481; x_wconf 86' lang='lat' dir='ltr'>pacem</span> <span class='ocrx_word' id='word_1_16' title='bbox 284 384 342 455; x_wconf 84' lang='lat' dir='ltr'>fibi</span> <span class='ocrx_word' id='word_1_17' title='bbox 355 384 584 476; x_wconf 88' lang='lat' dir='ltr'>semp1tetnam</span> <span class='ocrx_word' id='word_1_18' title='bbox 597 382 734 453; x_wconf 89' lang='lat' dir='ltr'>redimat</span> <span class='ocrx_word' id='word_1_19' title='bbox 746 401 845 478; x_wconf 85' lang='lat' dir='ltr'>atque</span> <span class='ocrx_word' id='word_1_20' title='bbox 857 382 981 456; x_wconf 85' lang='lat' dir='ltr'>otium.</span> <span class='ocrx_word' id='word_1_21' title='bbox 996 382 1100 477; x_wconf 85' lang='lat' dir='ltr'>Quod·</span> 
     </span>
     <span class='ocr_line' id='line_1_4' title="bbox 156 490 1149 591; baseline 0.001 -27"><span class='ocrx_word' id='word_1_22' title='bbox 156 495 297 591; x_wconf 80' lang='lat' dir='ltr'>sigenns</span> <span class='ocrx_word' id='word_1_23' title='bbox 309 493 414 587; x_wconf 86' lang='lat' dir='ltr'>ipsum</span> <span class='ocrx_word' id='word_1_24' title='bbox 424 513 458 564; x_wconf 90' lang='lat' dir='ltr'>et</span> <span class='ocrx_word' id='word_1_25' title='bbox 469 514 593 564; x_wconf 90' lang='lat' dir='ltr'>nomen</span> <span class='ocrx_word' id='word_1_26' title='bbox 603 490 768 586; x_wconf 89' lang='lat' dir='ltr'>publicani</span> <span class='ocrx_word' id='word_1_27' title='bbox 781 516 853 563; x_wconf 91' lang='lat' dir='ltr'>non</span> <span class='ocrx_word' id='word_1_28' title='bbox 867 491 989 589; x_wconf 87' lang='lat' dir='ltr'>iniquo</span> <span class='ocrx_word' id='word_1_29' title='bbox 1000 493 1100 565; x_wconf 83' lang='lat' dir='ltr'>animo</span> <span class='ocrx_word' id='word_1_30' title='bbox 1134 524 1149 547; x_wconf 80' lang='grc'>-·</span> 
     </span>
     <span class='ocr_line' id='line_1_5' title="bbox 155 596 1100 697; baseline 0 -22"><span class='ocrx_word' id='word_1_31' title='bbox 155 604 355 677; x_wconf 87' lang='lat' dir='ltr'>sustinebunt</span> <span class='ocrx_word' id='word_1_32' title='bbox 369 627 381 683; x_wconf 66' lang='grc' dir='ltr'><strong>ι</strong></span> <span class='ocrx_word' id='word_1_33' title='bbox 397 622 554 694; x_wconf 91' lang='lat' dir='ltr'>poterunt</span> <span class='ocrx_word' id='word_1_34' title='bbox 566 602 631 689; x_wconf 85' lang='lat' dir='ltr'>iis,</span> <span class='ocrx_word' id='word_1_35' title='bbox 644 598 784 673; x_wconf 86' lang='lat' dir='ltr'>consilio</span> <span class='ocrx_word' id='word_1_36' title='bbox 797 620 830 673; x_wconf 91' lang='lat' dir='ltr'>et</span> <span class='ocrx_word' id='word_1_37' title='bbox 845 596 1024 697; x_wconf 78' lang='lat' dir='ltr'>prudentia</span> <span class='ocrx_word' id='word_1_38' title='bbox 1039 620 1100 691; x_wconf 86' lang='lat' dir='ltr'>tua,</span> 
     </span>
     <span class='ocr_line' id='line_1_6' title="bbox 155 708 1140 808; baseline -0.004 -24"><span class='ocrx_word' id='word_1_39' title='bbox 155 715 283 808; x_wconf 85' lang='lat' dir='ltr'>reliqua</span> <span class='ocrx_word' id='word_1_40' title='bbox 297 711 403 786; x_wconf 81' lang='lat' dir='ltr'>videri</span> <span class='ocrx_word' id='word_1_41' title='bbox 417 709 559 781; x_wconf 88' lang='lat' dir='ltr'>mitiora.</span> <span class='ocrx_word' id='word_1_42' title='bbox 578 708 713 782; x_wconf 83' lang='lat' dir='ltr'>Possunt</span> <span class='ocrx_word' id='word_1_43' title='bbox 722 711 757 781; x_wconf 91' lang='lat' dir='ltr'>in</span> <span class='ocrx_word' id='word_1_44' title='bbox 770 710 981 805; x_wconf 68' lang='lat' dir='ltr'>pastionibus</span> <span class='ocrx_word' id='word_1_45' title='bbox 992 708 1101 791; x_wconf 81' lang='lat' dir='ltr'>facien·</span> <span class='ocrx_word' id='word_1_46' title='bbox 1136 722 1140 745; x_wconf 88' lang='lat'>&#39;</span> 
     </span>
     <span class='ocr_line' id='line_1_7' title="bbox 157 818 1103 917; baseline -0.006 -20"><span class='ocrx_word' id='word_1_47' title='bbox 157 822 207 897; x_wconf 78' lang='lat' dir='ltr'>dis</span> <span class='ocrx_word' id='word_1_48' title='bbox 219 845 286 891; x_wconf 92' lang='lat' dir='ltr'>non</span> <span class='ocrx_word' id='word_1_49' title='bbox 297 822 404 917; x_wconf 90' lang='lat' dir='ltr'>legem</span> <span class='ocrx_word' id='word_1_50' title='bbox 419 820 561 916; x_wconf 68' lang='lat' dir='ltr'>spellate</span> <span class='ocrx_word' id='word_1_51' title='bbox 584 818 792 906; x_wconf 82' lang='lat' dir='ltr'>censoriam,</span> <span class='ocrx_word' id='word_1_52' title='bbox 813 818 870 891; x_wconf 85' lang='lat' dir='ltr'>sed</span> <span class='ocrx_word' id='word_1_53' title='bbox 889 820 1007 915; x_wconf 83' lang='lat' dir='ltr'>potius</span> <span class='ocrx_word' id='word_1_54' title='bbox 1023 842 1103 893; x_wconf 91' lang='lat' dir='ltr'>com·</span> 
     </span>
     <span class='ocr_line' id='line_1_8' title="bbox 156 926 1103 1024; baseline -0.004 -19"><span class='ocrx_word' id='word_1_55' title='bbox 156 933 351 1005; x_wconf 79' lang='lat' dir='ltr'><strong>moditatem</strong></span> <span class='ocrx_word' id='word_1_56' title='bbox 365 928 564 1002; x_wconf 84' lang='lat' dir='ltr'>constciendi</span> <span class='ocrx_word' id='word_1_57' title='bbox 582 928 729 1024; x_wconf 89' lang='lat' dir='ltr'>negotii,</span> <span class='ocrx_word' id='word_1_58' title='bbox 742 946 776 999; x_wconf 93' lang='lat' dir='ltr'>et</span> <span class='ocrx_word' id='word_1_59' title='bbox 791 926 1032 1005; x_wconf 77' lang='lat' dir='ltr'>liberationem</span> <span class='ocrx_word' id='word_1_60' title='bbox 1042 952 1103 1003; x_wconf 87' lang='lat' dir='ltr'>mo·</span> 
     </span>
     <span class='ocr_line' id='line_1_9' title="bbox 36 1036 1142 1141; baseline -0.003 -26"><span class='ocrx_word' id='word_1_61' title='bbox 36 1090 39 1094; x_wconf 91' lang='lat'><em>-</em></span> <span class='ocrx_word' id='word_1_62' title='bbox 157 1043 277 1117; x_wconf 86' lang='lat' dir='ltr'>lestiae.</span> <span class='ocrx_word' id='word_1_63' title='bbox 291 1046 387 1113; x_wconf 86' lang='lat' dir='ltr'>Potes</span> <span class='ocrx_word' id='word_1_64' title='bbox 400 1042 497 1112; x_wconf 89' lang='lat' dir='ltr'>ctiam</span> <span class='ocrx_word' id='word_1_65' title='bbox 513 1060 550 1112; x_wconf 91' lang='lat' dir='ltr'>tu</span> <span class='ocrx_word' id='word_1_66' title='bbox 563 1036 892 1135; x_wconf 83' lang='lat' dir='ltr'>itlsacere,quod-et</span> <span class='ocrx_word' id='word_1_67' title='bbox 906 1037 1101 1137; x_wconf 67' lang='lat' dir='ltr'>feciffiegre</span> <span class='ocrx_word' id='word_1_68' title='bbox 1141 1132 1142 1141; x_wconf 8' lang='grc' dir='ltr'>ἵ</span> 
     </span>
     <span class='ocr_line' id='line_1_10' title="bbox 100 1145 1103 1249; baseline -0.003 -26"><span class='ocrx_word' id='word_1_69' title='bbox 100 1172 104 1177; x_wconf 91' lang='grc'><em>·</em></span> <span class='ocrx_word' id='word_1_70' title='bbox 159 1153 236 1249; x_wconf 87' lang='lat' dir='ltr'>gie,</span> <span class='ocrx_word' id='word_1_71' title='bbox 243 1168 276 1221; x_wconf 85' lang='lat' dir='ltr'>et</span> <span class='ocrx_word' id='word_1_72' title='bbox 289 1148 388 1235; x_wconf 88' lang='lat' dir='ltr'>sacis,</span> <span class='ocrx_word' id='word_1_73' title='bbox 401 1166 438 1219; x_wconf 85' lang='lat' dir='ltr'>ut</span> <span class='ocrx_word' id='word_1_74' title='bbox 452 1163 854 1242; x_wconf 86' lang='lat' dir='ltr'>commemores,qnanta</span> <span class='ocrx_word' id='word_1_75' title='bbox 867 1145 1103 1243; x_wconf 77' lang='lat' dir='ltr'>stinpublica·</span> 
     </span>
     <span class='ocr_line' id='line_1_11' title="bbox 160 1252 1149 1355; baseline -0.008 -24"><span class='ocrx_word' id='word_1_76' title='bbox 160 1260 210 1331; x_wconf 88' lang='lat' dir='ltr'>nis</span> <span class='ocrx_word' id='word_1_77' title='bbox 225 1258 375 1355; x_wconf 73' lang='lat' dir='ltr'>dignitas,</span> <span class='ocrx_word' id='word_1_78' title='bbox 388 1272 547 1351; x_wconf 90' lang='lat' dir='ltr'>quantum</span> <span class='ocrx_word' id='word_1_79' title='bbox 566 1276 628 1324; x_wconf 86' lang='lat' dir='ltr'>nos</span> <span class='ocrx_word' id='word_1_80' title='bbox 638 1254 685 1323; x_wconf 88' lang='lat' dir='ltr'>llli</span> <span class='ocrx_word' id='word_1_81' title='bbox 698 1252 810 1324; x_wconf 89' lang='lat' dir='ltr'>ordini</span> <span class='ocrx_word' id='word_1_82' title='bbox 824 1252 986 1325; x_wconf 79' lang='lat' dir='ltr'>&lt;lebamus</span> <span class='ocrx_word' id='word_1_83' title='bbox 995 1300 1007 1336; x_wconf 84' lang='grc'><em>,</em></span> <span class='ocrx_word' id='word_1_84' title='bbox 1017 1272 1053 1324; x_wconf 91' lang='lat' dir='ltr'>ut</span> <span class='ocrx_word' id='word_1_85' title='bbox 1062 1277 1102 1325; x_wconf 88' lang='lat' dir='ltr'>te·</span> <span class='ocrx_word' id='word_1_86' title='bbox 1145 1310 1149 1323; x_wconf 91' lang='grc'>,.</span> 
     </span>
    </p>
   </div>
   <div class='ocr_carea' id='block_1_3' title="bbox 96 1350 1149 3661">
    <p class='ocr_par' dir='ltr' id='par_1_3' title="bbox 159 1350 1149 1897">
     <span class='ocr_line' id='line_1_12' title="bbox 160 1350 1149 1462; baseline -0.007 -20"><span class='ocrx_word' id='word_1_87' title='bbox 160 1387 257 1442; x_wconf 91' lang='lat' dir='ltr'>moto</span> <span class='ocrx_word' id='word_1_88' title='bbox 278 1369 444 1462; x_wconf 89' lang='lat' dir='ltr'>imperio,</span> <span class='ocrx_word' id='word_1_89' title='bbox 461 1390 500 1435; x_wconf 90' lang='lat' dir='ltr'>ac</span> <span class='ocrx_word' id='word_1_90' title='bbox 514 1391 548 1434; x_wconf 84' lang='lat' dir='ltr'>vt</span> <span class='ocrx_word' id='word_1_91' title='bbox 539 1363 779 1460; x_wconf 82' lang='lat' dir='ltr'>poteslatiset</span> <span class='ocrx_word' id='word_1_92' title='bbox 792 1360 954 1451; x_wconf 86' lang='lat' dir='ltr'>fascium,</span> <span class='ocrx_word' id='word_1_93' title='bbox 967 1350 1103 1458; x_wconf 83' lang='lat' dir='ltr'>publica·</span> <span class='ocrx_word' id='word_1_94' title='bbox 1147 1408 1149 1413; x_wconf 93' lang='lat'>·</span> 
     </span>
     <span class='ocr_line' id='line_1_13' title="bbox 160 1473 1126 1572; baseline -0.006 -21"><span class='ocrx_word' id='word_1_95' title='bbox 160 1504 222 1551; x_wconf 88' lang='lat' dir='ltr'>nos</span> <span class='ocrx_word' id='word_1_96' title='bbox 235 1503 311 1549; x_wconf 89' lang='lat' dir='ltr'>cum</span> <span class='ocrx_word' id='word_1_97' title='bbox 329 1475 467 1546; x_wconf 82' lang='lat' dir='ltr'>Graecis</span> <span class='ocrx_word' id='word_1_98' title='bbox 480 1476 583 1572; x_wconf 87' lang='lat' dir='ltr'>gratia</span> <span class='ocrx_word' id='word_1_99' title='bbox 599 1493 697 1572; x_wconf 87' lang='lat' dir='ltr'>atque</span> <span class='ocrx_word' id='word_1_100' title='bbox 712 1473 905 1545; x_wconf 68' lang='lat' dir='ltr'>aucloritate</span> <span class='ocrx_word' id='word_1_101' title='bbox 923 1474 1103 1571; x_wconf 79' lang='lat' dir='ltr'>coniungat</span> <span class='ocrx_word' id='word_1_102' title='bbox 1123 1486 1126 1495; x_wconf 89' lang='lat'>&#39;</span> 
     </span>
     <span class='ocr_line' id='line_1_14' title="bbox 160 1582 1149 1682; baseline -0.004 -23"><span class='ocrx_word' id='word_1_103' title='bbox 160 1588 268 1659; x_wconf 82' lang='lat' dir='ltr'>Sedet</span> <span class='ocrx_word' id='word_1_104' title='bbox 282 1587 324 1657; x_wconf 93' lang='lat' dir='ltr'>ab</span> <span class='ocrx_word' id='word_1_105' title='bbox 341 1586 401 1672; x_wconf 81' lang='lat' dir='ltr'>iis,</span> <span class='ocrx_word' id='word_1_106' title='bbox 415 1584 457 1657; x_wconf 93' lang='lat' dir='ltr'>de</span> <span class='ocrx_word' id='word_1_107' title='bbox 472 1584 590 1682; x_wconf 85' lang='lat' dir='ltr'>quibus</span> <span class='ocrx_word' id='word_1_108' title='bbox 602 1584 732 1680; x_wconf 89' lang='lat' dir='ltr'>optime</span> <span class='ocrx_word' id='word_1_109' title='bbox 745 1599 782 1654; x_wconf 84' lang='lat' dir='ltr'>tu</span> <span class='ocrx_word' id='word_1_110' title='bbox 795 1582 933 1654; x_wconf 83' lang='lat' dir='ltr'>meritus</span> <span class='ocrx_word' id='word_1_111' title='bbox 946 1607 1004 1671; x_wconf 87' lang='lat' dir='ltr'>es,</span> <span class='ocrx_word' id='word_1_112' title='bbox 1018 1582 1104 1680; x_wconf 86' lang='lat' dir='ltr'>etqui</span> <span class='ocrx_word' id='word_1_113' title='bbox 1138 1622 1149 1645; x_wconf 89' lang='lat'><em>·</em></span> 
     </span>
     <span class='ocr_line' id='line_1_15' title="bbox 159 1684 1104 1789; baseline -0.004 -20"><span class='ocrx_word' id='word_1_114' title='bbox 159 1697 220 1769; x_wconf 87' lang='lat' dir='ltr'>tibi</span> <span class='ocrx_word' id='word_1_115' title='bbox 234 1695 347 1769; x_wconf 90' lang='lat' dir='ltr'>omnia</span> <span class='ocrx_word' id='word_1_116' title='bbox 367 1695 508 1782; x_wconf 86' lang='lat' dir='ltr'>debent,</span> <span class='ocrx_word' id='word_1_117' title='bbox 522 1692 588 1765; x_wconf 88' lang='lat' dir='ltr'>hoc</span> <span class='ocrx_word' id='word_1_118' title='bbox 599 1717 711 1789; x_wconf 76' lang='lat' dir='ltr'>petas,</span> <span class='ocrx_word' id='word_1_119' title='bbox 726 1709 763 1763; x_wconf 88' lang='lat' dir='ltr'>ut</span> <span class='ocrx_word' id='word_1_120' title='bbox 780 1684 942 1762; x_wconf 78' lang='lat' dir='ltr'>facilitate</span> <span class='ocrx_word' id='word_1_121' title='bbox 955 1691 1033 1782; x_wconf 85' lang='lat' dir='ltr'>sua,</span> <span class='ocrx_word' id='word_1_122' title='bbox 1054 1686 1104 1765; x_wconf 76' lang='lat' dir='ltr'>not</span> 
     </span>
     <span class='ocr_line' id='line_1_16' title="bbox 159 1799 1102 1897; baseline -0.003 -21"><span class='ocrx_word' id='word_1_123' title='bbox 159 1830 231 1881; x_wconf 81' lang='lat' dir='ltr'>eam</span> <span class='ocrx_word' id='word_1_124' title='bbox 248 1802 538 1897; x_wconf 75' lang='lat' dir='ltr'>necessitudinem,</span> <span class='ocrx_word' id='word_1_125' title='bbox 551 1800 692 1897; x_wconf 86' lang='lat' dir='ltr'>quaeest</span> <span class='ocrx_word' id='word_1_126' title='bbox 706 1799 804 1872; x_wconf 83' lang='lat' dir='ltr'>nobis</span> <span class='ocrx_word' id='word_1_127' title='bbox 817 1825 893 1871; x_wconf 88' lang='lat' dir='ltr'>cum</span> <span class='ocrx_word' id='word_1_128' title='bbox 909 1801 1102 1895; x_wconf 81' lang='lat' dir='ltr'>publicanis,</span> 
     </span>
    </p>

    <p class='ocr_par' dir='ltr' id='par_1_4' title="bbox 96 1910 1149 3331">
     <span class='ocr_line' id='line_1_17' title="bbox 96 1910 1149 2008; baseline -0.004 -21"><span class='ocrx_word' id='word_1_129' title='bbox 96 1914 98 1921; x_wconf 79' lang='grc'><strong>’</strong></span> <span class='ocrx_word' id='word_1_130' title='bbox 159 1915 312 1988; x_wconf 85' lang='lat' dir='ltr'>obtinere</span> <span class='ocrx_word' id='word_1_131' title='bbox 320 1932 354 1989; x_wconf 89' lang='lat' dir='ltr'>et</span> <span class='ocrx_word' id='word_1_132' title='bbox 363 1914 558 1987; x_wconf 88' lang='lat' dir='ltr'>conservare</span> <span class='ocrx_word' id='word_1_133' title='bbox 566 1912 738 2008; x_wconf 83' lang='lat' dir='ltr'>patiantur.</span> <span class='ocrx_word' id='word_1_134' title='bbox 749 1911 813 1982; x_wconf 86' lang='lat' dir='ltr'>Sed</span> <span class='ocrx_word' id='word_1_135' title='bbox 823 1911 904 2007; x_wconf 77' lang='lat' dir='ltr'>qtu&#39;d</span> <span class='ocrx_word' id='word_1_136' title='bbox 915 1910 1102 2008; x_wconf 82' lang='lat' dir='ltr'>egotelraet</span> <span class='ocrx_word' id='word_1_137' title='bbox 1142 1922 1149 1930; x_wconf 87' lang='lat'>&#39;</span> 
     </span>
     <span class='ocr_line' id='line_1_18' title="bbox 160 2020 1103 2122; baseline -0.005 -24"><span class='ocrx_word' id='word_1_138' title='bbox 160 2026 302 2111; x_wconf 88' lang='lat' dir='ltr'>hortor,</span> <span class='ocrx_word' id='word_1_139' title='bbox 322 2049 408 2122; x_wconf 86' lang='lat' dir='ltr'>quae</span> <span class='ocrx_word' id='word_1_140' title='bbox 422 2042 458 2097; x_wconf 86' lang='lat' dir='ltr'>tu</span> <span class='ocrx_word' id='word_1_141' title='bbox 475 2046 544 2093; x_wconf 91' lang='lat' dir='ltr'>non</span> <span class='ocrx_word' id='word_1_142' title='bbox 562 2022 667 2119; x_wconf 89' lang='lat' dir='ltr'>modo</span> <span class='ocrx_word' id='word_1_143' title='bbox 682 2020 789 2093; x_wconf 83' lang='lat' dir='ltr'>facete</span> <span class='ocrx_word' id='word_1_144' title='bbox 806 2043 903 2117; x_wconf 87' lang='lat' dir='ltr'>potes</span> <span class='ocrx_word' id='word_1_145' title='bbox 922 2043 982 2095; x_wconf 87' lang='lat' dir='ltr'>tua</span> <span class='ocrx_word' id='word_1_146' title='bbox 999 2022 1103 2118; x_wconf 84' lang='lat' dir='ltr'>sponte</span> 
     </span>
     <span class='ocr_line' id='line_1_19' title="bbox 160 2125 1104 2233; baseline -0.005 -25"><span class='ocrx_word' id='word_1_147' title='bbox 160 2138 226 2208; x_wconf 83' lang='lat' dir='ltr'>stne</span> <span class='ocrx_word' id='word_1_148' title='bbox 240 2137 431 2233; x_wconf 83' lang='lat' dir='ltr'>cuiusquam</span> <span class='ocrx_word' id='word_1_149' title='bbox 447 2132 645 2229; x_wconf 81' lang='lat' dir='ltr'>praeceptis,</span> <span class='ocrx_word' id='word_1_150' title='bbox 666 2130 829 2201; x_wconf 88' lang='lat' dir='ltr'>sedetiam</span> <span class='ocrx_word' id='word_1_151' title='bbox 850 2157 973 2230; x_wconf 89' lang='lat' dir='ltr'>magna</span> <span class='ocrx_word' id='word_1_152' title='bbox 993 2125 1104 2205; x_wconf 72' lang='lat' dir='ltr'>iamet</span> 
     </span>
     <span class='ocr_line' id='line_1_20' title="bbox 160 2242 1105 2348; baseline -0.002 -31"><span class='ocrx_word' id='word_1_153' title='bbox 160 2266 253 2345; x_wconf 89' lang='lat' dir='ltr'>parte</span> <span class='ocrx_word' id='word_1_154' title='bbox 267 2242 452 2343; x_wconf 74' lang='lat' dir='ltr'>perfecisti?</span> <span class='ocrx_word' id='word_1_155' title='bbox 467 2269 534 2316; x_wconf 90' lang='lat' dir='ltr'>non</span> <span class='ocrx_word' id='word_1_156' title='bbox 553 2246 640 2317; x_wconf 89' lang='lat' dir='ltr'>enim</span> <span class='ocrx_word' id='word_1_157' title='bbox 652 2242 804 2335; x_wconf 77' lang='lat' dir='ltr'>desistunt</span> <span class='ocrx_word' id='word_1_158' title='bbox 814 2242 911 2314; x_wconf 88' lang='lat' dir='ltr'>nobis</span> <span class='ocrx_word' id='word_1_159' title='bbox 922 2269 1021 2341; x_wconf 83' lang='lat' dir='ltr'>agere</span> <span class='ocrx_word' id='word_1_160' title='bbox 1029 2268 1105 2348; x_wconf 86' lang='lat' dir='ltr'>quo·</span> 
     </span>
     <span class='ocr_line' id='line_1_21' title="bbox 160 2354 1104 2454; baseline -0.005 -27"><span class='ocrx_word' id='word_1_161' title='bbox 160 2357 242 2427; x_wconf 87' lang='lat' dir='ltr'>tidie</span> <span class='ocrx_word' id='word_1_162' title='bbox 267 2356 384 2454; x_wconf 82' lang='lat' dir='ltr'>gratias</span> <span class='ocrx_word' id='word_1_163' title='bbox 406 2355 644 2428; x_wconf 80' lang='lat' dir='ltr'>honestissimae</span> <span class='ocrx_word' id='word_1_164' title='bbox 671 2370 704 2424; x_wconf 90' lang='lat' dir='ltr'>et</span> <span class='ocrx_word' id='word_1_165' title='bbox 731 2354 890 2423; x_wconf 85' lang='lat' dir='ltr'>maximae</span> <span class='ocrx_word' id='word_1_166' title='bbox 917 2355 1104 2427; x_wconf 80' lang='lat' dir='ltr'>societates:</span> 
     </span>
     <span class='ocr_line' id='line_1_22' title="bbox 160 2460 1149 2561; baseline -0.003 -26"><span class='ocrx_word' id='word_1_167' title='bbox 160 2466 254 2560; x_wconf 87' lang='lat' dir='ltr'>quod</span> <span class='ocrx_word' id='word_1_168' title='bbox 269 2466 403 2561; x_wconf 89' lang='lat' dir='ltr'>quidem</span> <span class='ocrx_word' id='word_1_169' title='bbox 417 2465 497 2536; x_wconf 80' lang='lat' dir='ltr'>milti</span> <span class='ocrx_word' id='word_1_170' title='bbox 511 2465 637 2538; x_wconf 89' lang='lat' dir='ltr'>idcirco</span> <span class='ocrx_word' id='word_1_171' title='bbox 651 2462 823 2534; x_wconf 84' lang='lat' dir='ltr'>iucundius</span> <span class='ocrx_word' id='word_1_172' title='bbox 838 2460 904 2550; x_wconf 86' lang='lat' dir='ltr'>est,</span> <span class='ocrx_word' id='word_1_173' title='bbox 919 2466 1017 2560; x_wconf 86' lang='lat' dir='ltr'>quod</span> <span class='ocrx_word' id='word_1_174' title='bbox 1030 2464 1105 2535; x_wconf 87' lang='lat' dir='ltr'>iden</span> <span class='ocrx_word' id='word_1_175' title='bbox 1145 2508 1149 2515; x_wconf 79' lang='lat'><strong><em>‚</em></strong></span> 
     </span>
     <span class='ocr_line' id='line_1_23' title="bbox 161 2571 1107 2670; baseline 0.005 -28"><span class='ocrx_word' id='word_1_176' title='bbox 161 2571 283 2651; x_wconf 84' lang='lat' dir='ltr'>faciunt</span> <span class='ocrx_word' id='word_1_177' title='bbox 296 2574 427 2647; x_wconf 88' lang='lat' dir='ltr'>Graeci.</span> <span class='ocrx_word' id='word_1_178' title='bbox 454 2573 598 2645; x_wconf 86' lang='lat' dir='ltr'>Difficile</span> <span class='ocrx_word' id='word_1_179' title='bbox 615 2571 662 2644; x_wconf 90' lang='lat' dir='ltr'>est</span> <span class='ocrx_word' id='word_1_180' title='bbox 684 2575 814 2652; x_wconf 86' lang='lat' dir='ltr'>autem,</span> <span class='ocrx_word' id='word_1_181' title='bbox 840 2598 897 2659; x_wconf 88' lang='lat' dir='ltr'>ea,</span> <span class='ocrx_word' id='word_1_182' title='bbox 922 2599 1010 2670; x_wconf 87' lang='lat' dir='ltr'>quae</span> <span class='ocrx_word' id='word_1_183' title='bbox 1024 2598 1107 2669; x_wconf 60' lang='lat' dir='ltr'>conf</span> 
     </span>
     <span class='ocr_line' id='line_1_24' title="bbox 161 2680 1105 2777; baseline 0.001 -25"><span class='ocrx_word' id='word_1_184' title='bbox 161 2681 294 2769; x_wconf 89' lang='lat' dir='ltr'>modis,</span> <span class='ocrx_word' id='word_1_185' title='bbox 316 2680 473 2769; x_wconf 90' lang='lat' dir='ltr'>utilitate,</span> <span class='ocrx_word' id='word_1_186' title='bbox 495 2700 529 2756; x_wconf 88' lang='lat' dir='ltr'>et</span> <span class='ocrx_word' id='word_1_187' title='bbox 542 2706 646 2777; x_wconf 87' lang='lat' dir='ltr'>prope</span> <span class='ocrx_word' id='word_1_188' title='bbox 660 2699 773 2753; x_wconf 86' lang='lat' dir='ltr'>natura</span> <span class='ocrx_word' id='word_1_189' title='bbox 787 2681 916 2752; x_wconf 89' lang='lat' dir='ltr'>diversa</span> <span class='ocrx_word' id='word_1_190' title='bbox 933 2682 1030 2772; x_wconf 90' lang='lat' dir='ltr'>sunt,</span> <span class='ocrx_word' id='word_1_191' title='bbox 1051 2706 1105 2757; x_wconf 88' lang='lat' dir='ltr'>vo·</span> 
     </span>
     <span class='ocr_line' id='line_1_25' title="bbox 161 2789 1107 2895; baseline -0.001 -34"><span class='ocrx_word' id='word_1_192' title='bbox 161 2791 284 2863; x_wconf 88' lang='lat' dir='ltr'>luntate</span> <span class='ocrx_word' id='word_1_193' title='bbox 297 2791 507 2889; x_wconf 89' lang='lat' dir='ltr'>coniungere.</span> <span class='ocrx_word' id='word_1_194' title='bbox 526 2797 568 2863; x_wconf 80' lang='lat' dir='ltr'>At</span> <span class='ocrx_word' id='word_1_195' title='bbox 580 2816 617 2863; x_wconf 88' lang='lat' dir='ltr'>ea</span> <span class='ocrx_word' id='word_1_196' title='bbox 632 2793 785 2887; x_wconf 85' lang='lat' dir='ltr'>quidem,</span> <span class='ocrx_word' id='word_1_197' title='bbox 798 2814 881 2885; x_wconf 88' lang='lat' dir='ltr'>quae</span> <span class='ocrx_word' id='word_1_198' title='bbox 895 2789 1107 2895; x_wconf 76' lang='lat' dir='ltr'>suprascripta</span> 
     </span>
     <span class='ocr_line' id='line_1_26' title="bbox 162 2897 1106 2996; baseline -0.005 -22"><span class='ocrx_word' id='word_1_199' title='bbox 162 2902 259 2989; x_wconf 86' lang='lat' dir='ltr'>sont,</span> <span class='ocrx_word' id='word_1_200' title='bbox 282 2922 352 2972; x_wconf 88' lang='lat' dir='ltr'>non</span> <span class='ocrx_word' id='word_1_201' title='bbox 365 2919 403 2973; x_wconf 90' lang='lat' dir='ltr'>ut</span> <span class='ocrx_word' id='word_1_202' title='bbox 423 2918 455 2976; x_wconf 87' lang='lat' dir='ltr'>te</span> <span class='ocrx_word' id='word_1_203' title='bbox 473 2901 691 2985; x_wconf 84' lang='lat' dir='ltr'>instituerem,</span> <span class='ocrx_word' id='word_1_204' title='bbox 718 2900 844 2995; x_wconf 82' lang='lat' dir='ltr'>scripsi,</span> <span class='ocrx_word' id='word_1_205' title='bbox 871 2897 1010 2996; x_wconf 87' lang='lat' dir='ltr'>(neque</span> <span class='ocrx_word' id='word_1_206' title='bbox 1030 2903 1106 2973; x_wconf 83' lang='lat' dir='ltr'>enirn</span> 
     </span>
     <span class='ocr_line' id='line_1_27' title="bbox 162 3010 1107 3111; baseline 0.001 -29"><span class='ocrx_word' id='word_1_207' title='bbox 162 3012 334 3108; x_wconf 86' lang='lat' dir='ltr'>prudentia</span> <span class='ocrx_word' id='word_1_208' title='bbox 352 3030 406 3084; x_wconf 89' lang='lat' dir='ltr'>tua</span> <span class='ocrx_word' id='word_1_209' title='bbox 423 3015 612 3103; x_wconf 86' lang='lat' dir='ltr'>cuiusquam</span> <span class='ocrx_word' id='word_1_210' title='bbox 637 3033 810 3109; x_wconf 86' lang='lat' dir='ltr'>praecepta</span> <span class='ocrx_word' id='word_1_211' title='bbox 832 3011 995 3085; x_wconf 77' lang='lat' dir='ltr'>desiderat</span> <span class='ocrx_word' id='word_1_212' title='bbox 1007 3012 1048 3111; x_wconf 91' lang='lat'>‚)</span> <span class='ocrx_word' id='word_1_213' title='bbox 1063 3010 1107 3085; x_wconf 85' lang='lat' dir='ltr'>sed</span> 
     </span>
     <span class='ocr_line' id='line_1_28' title="bbox 161 3119 1107 3196; baseline 0.004 -7"><span class='ocrx_word' id='word_1_214' title='bbox 161 3144 215 3192; x_wconf 90' lang='lat' dir='ltr'>me</span> <span class='ocrx_word' id='word_1_215' title='bbox 233 3120 267 3191; x_wconf 91' lang='lat' dir='ltr'>in</span> <span class='ocrx_word' id='word_1_216' title='bbox 287 3119 460 3193; x_wconf 89' lang='lat' dir='ltr'>scribendo</span> <span class='ocrx_word' id='word_1_217' title='bbox 480 3122 757 3192; x_wconf 86' lang='lat' dir='ltr'>commemoratio</span> <span class='ocrx_word' id='word_1_218' title='bbox 776 3140 849 3193; x_wconf 90' lang='lat' dir='ltr'>tuae</span> <span class='ocrx_word' id='word_1_219' title='bbox 863 3123 999 3195; x_wconf 84' lang='lat' dir='ltr'>virtutis</span> <span class='ocrx_word' id='word_1_220' title='bbox 1012 3124 1107 3196; x_wconf 87' lang='lat' dir='ltr'>delec-</span> 
     </span>
     <span class='ocr_line' id='line_1_29' title="bbox 161 3229 1107 3354; baseline 0.001 -54"><span class='ocrx_word' id='word_1_221' title='bbox 161 3229 272 3302; x_wconf 91' lang='lat' dir='ltr'>tavit·</span> <span class='ocrx_word' id='word_1_222' title='bbox 295 3255 495 3335; x_wconf 84' lang='lat' dir='ltr'>quamquam</span> <span class='ocrx_word' id='word_1_223' title='bbox 521 3233 553 3302; x_wconf 91' lang='lat' dir='ltr'>in</span> <span class='ocrx_word' id='word_1_224' title='bbox 573 3231 624 3303; x_wconf 85' lang='lat' dir='ltr'>his</span> <span class='ocrx_word' id='word_1_225' title='bbox 644 3230 746 3303; x_wconf 88' lang='lat' dir='ltr'>literis</span> <span class='ocrx_word' id='word_1_226' title='bbox 764 3232 896 3354; x_wconf 81' lang='lat' dir='ltr'>longior</span> <span class='ocrx_word' id='word_1_227' title='bbox 921 3231 968 3303; x_wconf 88' lang='lat' dir='ltr'>fui</span> <span class='ocrx_word' id='word_1_228' title='bbox 980 3287 994 3320; x_wconf 88' lang='lat'>,</span> <span class='ocrx_word' id='word_1_229' title='bbox 1019 3254 1107 3331; x_wconf 87' lang='lat' dir='ltr'>quant</span> 
     </span>
    </p>

    <p class='ocr_par' dir='ltr' id='par_1_5' title="bbox 99 3339 1149 3661">
     <span class='ocr_line' id='line_1_30' title="bbox 99 3339 1149 3471; baseline 0.005 -62.024"><span class='ocrx_word' id='word_1_230' title='bbox 99 3364 144 3444; x_wconf 80' lang='lat'>¹3</span> <span class='ocrx_word' id='word_1_231' title='bbox 162 3361 220 3411; x_wconf 84' lang='lat' dir='ltr'>aut</span> <span class='ocrx_word' id='word_1_232' title='bbox 235 3339 384 3428; x_wconf 85' lang='lat' dir='ltr'>vellent,</span> <span class='ocrx_word' id='word_1_233' title='bbox 406 3363 463 3413; x_wconf 86' lang='lat' dir='ltr'>aut</span> <span class='ocrx_word' id='word_1_234' title='bbox 481 3367 577 3471; x_wconf 69' lang='lat' dir='ltr'>qnam</span> <span class='ocrx_word' id='word_1_235' title='bbox 598 3364 651 3411; x_wconf 89' lang='lat' dir='ltr'>me</span> <span class='ocrx_word' id='word_1_236' title='bbox 670 3342 783 3434; x_wconf 89' lang='lat' dir='ltr'>putavi</span> <span class='ocrx_word' id='word_1_237' title='bbox 803 3340 885 3414; x_wconf 87' lang='lat' dir='ltr'>fore.</span> <span class='ocrx_word' id='word_1_238' title='bbox 912 3344 1032 3415; x_wconf 84' lang='lat' dir='ltr'>Unum</span> <span class='ocrx_word' id='word_1_239' title='bbox 1052 3342 1108 3428; x_wconf 83' lang='lat' dir='ltr'>esi,</span> <span class='ocrx_word' id='word_1_240' title='bbox 1147 3386 1149 3395; x_wconf 75' lang='lat'>,</span> 
     </span>
     <span class='ocr_line' id='line_1_31' title="bbox 163 3448 1109 3576; baseline 0.009 -59"><span class='ocrx_word' id='word_1_241' title='bbox 163 3448 257 3542; x_wconf 92' lang='lat' dir='ltr'>quod</span> <span class='ocrx_word' id='word_1_242' title='bbox 266 3452 326 3523; x_wconf 84' lang='lat' dir='ltr'>ttbt</span> <span class='ocrx_word' id='word_1_243' title='bbox 340 3476 404 3550; x_wconf 88' lang='lat' dir='ltr'>ego</span> <span class='ocrx_word' id='word_1_244' title='bbox 416 3456 604 3552; x_wconf 88' lang='lat' dir='ltr'>praecipere</span> <span class='ocrx_word' id='word_1_245' title='bbox 621 3478 689 3525; x_wconf 90' lang='lat' dir='ltr'>non</span> <span class='ocrx_word' id='word_1_246' title='bbox 704 3454 866 3540; x_wconf 79' lang='lat' dir='ltr'>desinam,</span> <span class='ocrx_word' id='word_1_247' title='bbox 882 3478 1003 3576; x_wconf 36' lang='lat' dir='ltr'>&#39;neque</span> <span class='ocrx_word' id='word_1_248' title='bbox 1017 3475 1109 3551; x_wconf 79' lang='lat' dir='ltr'>tept-</span> 
     </span>
     <span class='ocr_line' id='line_1_32' title="bbox 162 3554 1106 3661; baseline 0.001 -28"><span class='ocrx_word' id='word_1_249' title='bbox 162 3554 225 3628; x_wconf 80' lang='lat' dir='ltr'>tiat</span> <span class='ocrx_word' id='word_1_250' title='bbox 243 3554 449 3658; x_wconf 84' lang='lat' dir='ltr'>(quantum</span> <span class='ocrx_word' id='word_1_251' title='bbox 440 3589 475 3636; x_wconf 90' lang='lat' dir='ltr'>m</span> <span class='ocrx_word' id='word_1_252' title='bbox 487 3585 540 3637; x_wconf 90' lang='lat' dir='ltr'>me</span> <span class='ocrx_word' id='word_1_253' title='bbox 554 3560 641 3661; x_wconf 91' lang='lat' dir='ltr'>erit)</span> <span class='ocrx_word' id='word_1_254' title='bbox 669 3586 744 3638; x_wconf 89' lang='lat' dir='ltr'>cum</span> <span class='ocrx_word' id='word_1_255' title='bbox 761 3563 961 3660; x_wconf 83' lang='lat' dir='ltr'>exceptione</span> <span class='ocrx_word' id='word_1_256' title='bbox 980 3563 1106 3638; x_wconf 87' lang='lat' dir='ltr'>laudati</span> 
     </span>
    </p>
   </div>
   <div class='ocr_carea' id='block_1_4' title="bbox 0 0 1188 4238">
    <p class='ocr_par' dir='ltr' id='par_1_6' title="bbox 0 0 1188 4238">
     <span class='ocr_line' id='line_1_33' title="bbox 0 0 1188 4238; baseline 0 0"><span class='ocrx_word' id='word_1_257' title='bbox 0 0 1188 4238; x_wconf 95' lang='lat' dir='ltr'> </span> 
     </span>
    </p>
   </div>
  </div>
 </body>
</html>
