2348 4238
174 224 294 321 ηε,
434 219 879 297 turstotnu
978 244 984 251 ·

171 386 284 460 salutis
302 385 337 456 in
356 406 420 457 tuo
436 387 597 457 exercitu.
618 412 689 483 quo
707 388 816 486 magis
833 411 925 459 nunc
943 379 1068 459 libenti
1080 378 1119 487 (ul
1146 379 1166 442 b

170 494 296 595 spero)
308 496 483 591 periculis,
496 495 532 565 in
545 487 724 568 Dolabella
741 495 973 595 opptiineudo
987 498 1120 596 occupati
1147 495 1166 556 l·

172 609 240 682 csle
266 612 439 681 debemus.
477 607 542 678 Sed
564 608 644 682 haec
664 606 827 705 cogitabis
849 607 1058 706 diligentius,
1073 606 1120 679 sla-
1150 595 1166 685 l

172 739 248 793 tucs
265 719 444 814 sapienter:
457 717 559 791 facies
575 742 657 805 nos,
674 717 758 814 quid
771 714 1003 807 constitueris,
1014 736 1048 788 et
1060 715 1121 816 quid
1154 810 1156 819 ἲ

172 852 270 926 agat,
289 826 335 926 (li
357 828 419 899 nbi
436 825 645 924 videbitur‚)
667 824 834 898 certiores.
857 826 1061 899 Ciceronem
1077 851 1122 898 no·
1164 837 1166 841 ’

108 974 121 988 ν
174 940 277 1013 sirum
298 942 335 1010 in
352 938 498 1011 vestrum
519 938 697 1034 collegium
719 940 877 1034 cooptari
900 939 1000 1012 volo.
1024 936 1122 1010 Erilli·
1164 971 1166 975 ·

172 1073 235 1120 rno
256 1048 421 1136 omnino,
440 1049 625 1120 absentium
646 1046 810 1118 rationem
822 1100 832 1131 ,
844 1047 1059 1120 sacerdotum
1078 1072 1123 1119 co·
1151 1054 1166 1095 ἲ·

173 1157 276 1230 mitiis
301 1156 393 1251 posse
407 1158 531 1228 habeti.
555 1181 632 1225 nam
653 1153 753 1226 etiam
774 1152 901 1226 sadum
919 1155 969 1228 est
986 1157 1123 1230 aureas.
1160 1142 1162 1153 ¹

173 1267 265 1341 eninr
287 1269 432 1355 Marius,
452 1266 585 1338 cumin
606 1266 821 1361 Cappadocia
844 1265 947 1355 esset,
968 1267 1041 1365 lege
1061 1267 1123 1339 Do·
1157 1300 1165 1327 i

172 1377 268 1449 mitia
287 1374 395 1447 sacius
416 1374 464 1446 est
485 1399 611 1471 augum
636 1399 719 1463 nec,
740 1400 810 1472 quo
831 1375 945 1447 minus
967 1376 1005 1447 id
1029 1375 1124 1473 pollet
1157 1389 1166 1479 [l

41 1472 47 1481 ’
172 1487 306 1572 liceret,
327 1485 391 1555 ulla
404 1484 457 1553 lex
476 1483 592 1554 sanxit.
608 1482 664 1555 Est
683 1483 783 1555 etiarn
799 1482 921 1582 inlege
933 1487 1035 1572 Iulia,
1056 1508 1125 1583 quae

169 1593 225 1668 lex
243 1594 290 1666 est
309 1595 351 1664 de
370 1591 562 1666 sacerdotiis
582 1593 754 1689 proxima,
767 1594 819 1666 his
833 1596 950 1668 verbis
956 1649 971 1684 ,
996 1600 1063 1692 Qui
1080 1621 1131 1691 pc·—

172 1709 234 1791 tit,
247 1707 370 1775 cuiusve
389 1706 471 1771 ratio
487 1704 660 1774 habebitur.
674 1722 789 1799 aperte
804 1702 931 1788 indicat
944 1756 958 1790 ‚
980 1705 1070 1801 polle
1085 1728 1125 1776 ra·

151 1864 155 1869 -
170 1815 300 1887 tionem
313 1812 440 1901 haberi,
451 1811 550 1883 etiam
562 1837 632 1883 non
645 1811 830 1909 praesentis.
845 1813 919 1885 Hac
932 1814 978 1886 de
991 1838 1028 1887 re
1040 1812 1126 1911 scrip·

163 1924 198 2022 'fi
219 1927 261 1997 ad
279 1949 381 2009 eum,
400 1941 440 1996 ut
459 1940 520 1994 tuo
537 1923 664 1994 iudicio
687 1941 855 2010 uteretur,
877 1922 965 1995 sicut
988 1927 1023 1996 in
1045 1926 1126 1998 rebus
1157 1930 1166 2015 l

169 2034 339 2107 omnibus.
362 2032 444 2104 Tibi
460 2048 570 2102 autern
597 2029 805 2104 {intuendum
825 2029 872 2101 esi
893 2031 936 2103 de
959 2032 1126 2121 Domitio,
1158 2039 1166 2055 “

170 2162 205 2215 et
231 2145 274 2216 de
298 2144 430 2215 Catone
451 2141 577 2215 nolito.
614 2144 677 2213 Sed
700 2141 854 2238 quamvis
877 2143 979 2215 liceat
1002 2145 1126 2217 absentis
1163 2157 1166 2243 J

170 2253 335 2324 rationem
351 2251 484 2338 haberi,
502 2270 612 2321 tamen
630 2253 744 2322 omnia
764 2252 837 2321 sunt
855 2253 1079 2346 praesentibus
1090 2252 1125 2323 sa·
1159 2258 1165 2327 ,l

168 2360 297 2432 ciliora.
323 2359 454 2453 Quodsi
476 2358 622 2431 statuetis
636 2361 671 2430 iu
690 2359 798 2431 Asiam
813 2360 876 2430 tibi
889 2365 1059 2451 eundum,
1071 2362 1126 2434 nul·
1160 2373 1163 2387 '

170 2466 200 2537 la
222 2467 285 2538 erit
304 2470 346 2538 ad
367 2469 503 2540 comitia
528 2464 661 2540 nostros
674 2466 852 2540 arcessendi
875 2467 1027 2542 facultas.
1049 2473 1125 2542 Om·
1165 2494 1166 2499 ¹

167 2577 272 2663 11in,
295 2577 396 2648 Pansa
417 2578 523 2665 vivo,
544 2577 707 2651 celeriora
720 2578 836 2649 omnia
855 2580 1063 2672 putabamus.
1077 2581 1125 2650 sla·
1160 2647 1162 2655 .

168 2683 228 2751 rin
254 2683 343 2753 enim
373 2685 537 2787 collegam
567 2684 626 2758 fibi
651 2672 849 2786 subrogasset
872 2714 881 2757 ε
908 2689 1032 2762 deinde
1062 2711 1124 2762 ante
1163 2712 1166 2770 ξ

168 2794 359 2889 praetoria,
383 2795 590 2875 sacerdotum
616 2798 752 2868 comitia
772 2796 915 2869 fuissent.
951 2800 1054 2872 Nunc
1075 2821 1123 2896 pet
1159 2856 1161 2878 .

168 2904 311 3001 auspicia
324 2905 461 3005 longam
476 2930 607 2977 moram
621 2908 735 2981 video.
759 2910 852 2981 Dum
871 2908 964 2981 enim
979 2937 1062 2982 unus
1072 2909 1121 2981 erit

167 3011 324 3108 patricius
346 3014 569 3113 magistratus,
589 3015 731 3113 auspicia
754 3010 795 3088 ad
816 3039 926 3111 patres
943 3019 1052 3090 redire
1066 3040 1120 3088 non

167 3121 311 3218 possunt.
331 3150 448 3219 magna
465 3126 539 3198 sane
561 3127 775 3222 perturbatio.
797 3129 852 3199 Tu
864 3145 936 3198 tota
949 3131 993 3201 de
1006 3154 1041 3199 re
1056 3124 1120 3224 qt‘d
1153 3162 1166 3200 ⁴.

167 3233 303 3321 sentias,
328 3237 430 3308 velim
454 3264 507 3312 me
528 3239 628 3313 facias
642 3240 830 3314 certiorem.
855 3261 901 3311 111
927 3242 1045 3313 Nonas
1065 3242 1119 3310 Ma.

167 3343 225 3417 ias.
250 3345 347 3418 Vale.
514 3356 518 3361 '

293 3485 541 3564 BRUTUS
590 3489 904 3563 CICERONI
953 3488 986 3559 S.

169 3612 328 3699 Respondet
344 3621 474 3703 epistolae
494 3622 638 3708 superiori:
658 3623 802 3688 Glaucone
821 3625 963 3686 medicum
973 3622 1115 3697 Prasino
1133 3676 1138 3687 ,
1154 3592 1165 3675 i

211 3707 366 3771 «custodia
380 3714 493 3795 eripiat,
505 3733 601 3801 rogan
617 3712 760 3792 Flavium,
779 3717 825 3797 qui
845 3737 909 3777 cum
931 3714 1114 3804 Dyrrhachii
1154 3695 1166 3734 i
