2348 4238
179 217 228 305 ⁶4
340 194 1000 290 eumouuuuaurruour

176 401 239 462 τες
259 375 372 448 locum
390 375 483 447 illum
504 371 712 444 sternendum
734 374 855 447 locare.
880 379 962 474 quid
975 382 1137 477 quaeris?

175 486 329 558 heroica:
321 475 494 556 ⁸¹sustulisse
510 478 592 552 mihi
604 482 736 553 videtur
748 482 992 559 simulationem
1007 491 1137 565 defide-

176 594 242 685 rii,
260 594 366 665 adhuc
384 617 469 689 quae
489 592 659 686 serpebat
651 617 686 661 ur
707 591 798 681 dies,
812 594 1042 670 etinveterata
1052 629 1138 691 ,ve-

171 705 289 790 rebar,
301 731 343 778 ne
357 702 537 800 periculosa
552 701 671 773 nostris
680 647 932 800 tyranriodonis
943 705 1032 779 esset.
1046 736 1134 787 nunc
1168 712 1173 717 ’

176 815 309 912 prorsus
318 813 473 886 assentior
484 813 548 885 tuis
556 812 670 899 literis,
681 812 843 909 speroque
854 814 1135 917 meliorarquam·

175 924 370 1023 quamistos
391 922 482 996 serre
501 948 570 994 non
593 922 743 1017 possum,
769 924 846 1020 qui,
871 925 951 997 dum
972 926 1005 1000 se
1019 954 1134 1025 pacem

174 1035 441 1121 vellesrmulanr,
462 1034 533 1107 alla
547 1032 670 1105 nefaria
689 1033 880 1106 defendunt.
897 1034 1041 1109 sednon
1055 1041 1133 1136 pos·

175 1144 249 1218 sunt
259 1145 372 1218 omnia
383 1143 488 1215 slmul.
512 1145 629 1240 incipit
638 1169 690 1217 res
703 1146 818 1217 melius
835 1147 904 1234 ire,
919 1173 1018 1245 quam
1033 1169 1129 1246 puta.

174 1279 257 1329 ram.
283 1280 343 1327 nec
356 1280 440 1330 vero
454 1253 639 1342 discedam,
655 1252 712 1324 nisi
725 1280 803 1327 cum
816 1273 851 1327 tu
864 1281 917 1330 me
940 1259 976 1330 id
995 1259 1131 1336 honeste

175 1366 307 1462 putabis
329 1365 437 1440 facere
460 1363 561 1460 polle.
587 1365 692 1436 Bruto
712 1385 802 1438 certe
832 1392 909 1439 meo
932 1368 1026 1453 nullo
1055 1369 1137 1453 loco,

30 1486 45 1512 '⁴
175 1474 277 1547 deero
292 1473 438 1570 ;idque‚
454 1473 577 1546 etiamsi
592 1471 673 1550 mihi
688 1497 765 1544 cum
778 1473 835 1545 illo
847 1475 928 1546 nihil
940 1475 1070 1575 suisset,
1084 1462 1135 1567 sag

175 1606 284 1656 cerem
298 1602 435 1678 propter
448 1583 517 1659 eius
536 1583 727 1680 singularem
753 1582 1052 1683 incredibilemque
1065 1590 1133 1665 vir·

172 1707 291 1767 tutem.
311 1690 408 1763 Piliae
428 1691 556 1764 nostrae
568 1693 681 1764 villam
701 1710 806 1763 totam
818 1746 829 1781 ,
841 1719 991 1793 quaeque
1006 1696 1134 1795 iovilla

174 1799 265 1888 sunt,
276 1803 384 1892 trado,
400 1802 432 1874 in
445 1803 682 1899 Pompeianum
694 1803 760 1900 ipse
773 1803 984 1900 proficiscens
993 1808 1132 1885 Kalend.

176 1913 282 2013 Maiis.
294 1941 392 2015 quam
407 1917 509 2011 velim
528 1917 631 1989 Bruto
648 1915 865 2015 persuadeas,
884 1919 1069 1997 ut-Aslurae
1086 1921 1138 2007 fia,

345 2108 582 2211 cicaro
634 2086 874 2211 arrico
932 2086 965 2210 a
1065 2090 1093 2133 ²

175 2365 235 2438 16.
257 2260 509 2468 QUINTO
535 2363 624 2434 Non.
641 2360 862 2434 conscendens
875 2360 915 2432 ab
929 2362 1038 2436 hortis
1052 2347 1130 2437 Clu·⁴

175 2473 283 2547 vianis
301 2475 335 2544 in
355 2471 520 2568 phaselum
536 2473 716 2568 epicopum
738 2470 796 2541 has
814 2470 889 2542 dedi
904 2470 1036 2560 lucrm,
1058 2499 1129 2545 cum

176 2583 276 2658 Piliae
289 2582 416 2654 nostrae
430 2583 543 2654 villam
558 2584 598 2655 ad
614 2581 790 2654 Lucrinum
806 2633 817 2668 ‚
837 2577 992 2669 villicos,
1006 2607 1128 2675 procu·

174 2716 300 2768 ratores
318 2692 529 2767 tradidissem.
552 2692 619 2787 ipse
634 2693 740 2762 autem
756 2712 797 2760 eo
812 2690 864 2761 die
879 2688 912 2758 in
926 2691 1014 2760 Paeti
1031 2688 1129 2762 nostri

175 2803 417 2903 tyrotarichum
432 2801 661 2881 imminebam3
676 2798 893 2895 perpaucis
860 2798 893 2866 di
896 2798 993 2869 ebus
984 2825 1019 2868 ur
1032 2802 1128 2871 Pom·
1140 2872 1142 2877 .

176 2915 349 3022 peianum:
371 2911 467 3010 post'
461 2939 493 2983 ιη
505 2914 591 2985 haec
605 2909 804 2992 Puteolana,
823 2923 855 2980 et
869 2909 1019 2980 Cumana
1034 2934 1128 3009 regna

105 3061 108 3068 ·
175 3026 379 3121 renavigare.
400 3028 436 3099 O
458 3025 531 3096 loca
556 3045 663 3094 cetera
686 3046 784 3117 quam
809 3019 906 3090 valda
929 3022 1127 3113 expetenda,

159 3177 161 3183 ,
176 3135 451 3229 interpellantium
475 3150 581 3203 autem
614 3127 825 3199 multitudine
845 3151 948 3219 paene
962 3123 1146 3223 fugienda!¹

175 3242 239 3315 Sed
251 3244 291 3312 ad
306 3268 376 3314 rem
394 3263 433 3338 up
448 3240 597 3328 veniam,
612 3263 636 3310 o
653 3235 845 3310 Dolabellae
861 3237 962 3307 nostri
979 3262 1123 3334 magnam

175 3371 344 3446 ¹apro-'raravl
369 3373 489 3449 quanta
514 3349 561 3421 est
573 3362 786 3442 eradcopnorrl
821 3347 976 3442 equidem
1002 3349 1123 3418 laudare
1166 3417 1167 3420 ,

174 3485 251 3533 eum
266 3486 299 3535 et
312 3463 437 3535 hortari
449 3486 519 3533 non
533 3459 661 3534 desisto.
675 3460 763 3531 recle
772 3479 806 3528 ru
819 3457 974 3530 omnibus
988 3455 1122 3551 epistolis

172 3569 355 3669 -fignisicas‚
366 3573 445 3666 quid
458 3574 498 3644 de
512 3598 568 3659 re,
582 3570 662 3663 quid
677 3570 717 3638 de
727 3569 802 3639 viro
813 3567 937 3639 sentias⁸
959 3567 1041 3638 mihi
1055 3565 1123 3663 qui·

150 3750 161 3781 ¹.
175 3681 254 3757 dem
268 3682 397 3760 videtur
411 3683 530 3757 Brutus
546 3677 658 3754 noster
671 3678 737 3772 iam
755 3675 810 3754 vel
824 3697 984 3753 coronam
999 3697 1123 3751 auream
