2348 4238
82 224 164 304 ‚150
236 200 558 276 ιιιιτοιιιιυιι
573 199 640 273 ιι)
655 201 701 295 Q.
722 170 946 277 mareau
1066 292 1069 297 .

73 383 206 440 *vetere
226 367 367 439 Graecia
385 361 486 460 digni.
500 363 554 434 Sic
572 386 656 435 vero
675 361 894 436 fallacessunr
911 355 1045 458 perard
1087 371 1089 411 l

53 550 61 559 ,
92 476 143 561 ri,
169 499 203 550 et
223 476 335 563 leves,
349 491 382 546 et
403 475 553 546 diuturna
572 472 725 546 servitute
739 473 781 546 ad
794 473 931 546 nimiam
945 470 1041 543 allen·
1088 506 1089 517 ι

93 584 253 656 tationem
270 583 399 655 eruditi.
427 604 511 678 quos
525 606 590 680 ego
611 582 784 662 universps
801 583 952 656 adhiberi
973 580 1042 683 libe·

95 690 224 778 taliten
239 693 405 789 optimum
417 717 584 790 quemque
593 691 738 788 hospitio
749 691 961 788 amicitiaque
975 694 1042 762 con·

95 800 186 898 iungi
200 803 278 874 dico
297 818 454 897 oportere
467 801 610 875 :nimiae
625 793 856 875 familiaritates
869 825 986 874 eonrm
999 825 1043 872 nr·

45 932 54 980 ·.
96 932 162 1010 que
185 929 251 980 tarn
274 906 385 982 lideles
409 906 498 998 sunt,
523 907 622 1009 (non
643 911 730 993 enim
750 911 871 982 audent
890 905 1044 982 adversati

45 1016 214 1089 .nollris
233 1016 507 1118 voluntatibus,)
520 1039 554 1090 et
566 1044 652 1092 vero
671 1018 826 1101 invident
844 1040 915 1090 non
938 1013 1044 1088 nostris

59 1128 82 1197 6
99 1126 222 1214 solum,
243 1129 475 1200 verumetiam
497 1126 663 1203 suis.1am
683 1128 741 1226 qui
759 1128 793 1198 in
812 1125 981 1201 eiusmodi
1000 1147 1045 1196 re·

98 1235 206 1326 bus,
196 1262 235 1308 ιιι
252 1237 372 1334 quibus
391 1261 515 1309 vereor
534 1237 656 1333 etiam,
678 1260 719 1308 ne
741 1234 858 1307 durior
877 1235 959 1323 lim,
972 1257 1046 1307 cau·
1087 1250 1089 1281 ³

97 1360 150 1420 tus
163 1344 228 1420 elle
248 1346 351 1419 velim
371 1371 410 1418 ac
428 1326 585 1444 diligens;
601 1370 671 1445 quo
685 1369 738 1417 me
758 1343 873 1416 animo
890 1343 928 1415 in
946 1343 1048 1416 servos
1070 1356 1089 1419 vj

98 1455 164 1528 else
187 1453 328 1528 censes?
357 1478 443 1555 qnos
462 1456 609 1579 quidem
620 1481 697 1530 cum
718 1452 910 1529 omnibus
898 1434 1048 1538 salotis,

99 1582 170 1638 turn
188 1564 363 1660 praecipue
387 1562 423 1634 in
444 1564 629 1661 provinciis
650 1587 763 1661 regere
784 1563 969 1639 debemus:
989 1581 1049 1657 quo

99 1671 141 1744 de
166 1694 286 1769 genere
302 1672 404 1744 multa
430 1675 577 1771 praecipi
599 1672 741 1770 poliunt.
762 1673 818 1747 sed
840 1675 908 1745 hoc
929 1691 964 1746 et
980 1673 1049 1744 bre·

100 1779 268 1852 villinrum
288 1781 355 1868 est,
369 1806 402 1856 et
415 1781 569 1861 facillime
585 1786 689 1858 teneri
710 1772 834 1888 potest,
848 1802 886 1855 ut
905 1783 951 1856 ita
963 1786 1052 1881 sege
1084 1796 1088 1805 '

102 1909 175 1964 tant
190 1891 224 1960 in
238 1890 303 1988 illis
317 1892 465 1964 Asiaticis
486 1894 677 1984 itineribus,
698 1913 735 1967 ut
756 1895 779 1966 fi
796 1893 859 1966 iter
876 1894 985 1989 Appia
1002 1892 1051 1979 via

53 2087 57 2096 ι
104 2000 226 2090 facian
240 2029 326 2078 neve
339 2004 682 2104 interelie'quidquam
695 2023 956 2103 putent‚utrum
969 2005 1053 2079 Tral-

105 2112 151 2186 les
159 2148 172 2202 v,
194 2108 245 2185 an'
258 2113 404 2187 formias
425 2115 598 2187 venerint..
618 2123 682 2204 At,
701 2114 725 2186 st
744 2118 816 2211 quis
838 2114 941 2186 estex
961 2111 1054 2185 servis

105 2227 235 2320 egregie
256 2223 383 2308 ,tideli53
405 2224 442 2294 srt
455 2225 489 2310 in
503 2222 692 2296 domesticis
712 2228 828 2312 rebus,
849 2240 882 2295 et
903 2222 1053 2319 privatis:

92 2357 189 2428 ἱιιιιιε
204 2357 254 2404 res
273 2335 314 2402 ad
337 2331 484 2406 officium
500 2334 636 2432 imperii
653 2335 723 2419 tui,
743 2357 840 2430 atque
861 2333 902 2404 ad
920 2332 1053 2429 aliquam

99 2456 232 2538 partem
246 2437 450 2543 reipublicae
461 2441 689 2536 pertinebunt,
703 2441 744 2512 de
758 2439 809 2512 his
823 2440 921 2511 rebus
932 2466 972 2510 ne
985 2438 1056 2537 quid

106 2548 252 2645 attingat.
278 2549 380 2618 Multa
394 2551 484 2620 enim
496 2599 507 2636 ,
519 2573 602 2643 qnae
621 2547 708 2618 recle
727 2546 890 2621 committi
907 2549 1007 2622 servis
1022 2548 1056 2619 fi-

80 2676 84 2681 ·
103 2657 235 2730 delibus
248 2658 397 2753 poliunt,
409 2677 517 2731 tamen
538 2659 696 2730 sermonis
709 2677 741 2730 et
755 2660 1008 2756 vituperationis
1019 2660 1058 2732 vi·

108 2769 226 2866 tandae
253 2769 367 2854 cansa,
390 2769 628 2840 committenda
650 2795 719 2842 non
738 2768 817 2840 sunt.
852 2771 916 2840 Sed
937 2769 1059 2855 nescio,

109 2901 177 2973 quo
199 2875 297 2971 patto
313 2876 354 2948 ad
371 2875 593 2973 praecipiendi
614 2878 774 2949 rationem
786 2878 925 3005 'delapsa
938 2879 984 2950 est
997 2902 1060 2949 ora·

109 2990 159 3059 tio
175 3010 248 3062 ntea
262 3043 275 3077 ,
288 3014 366 3062 cunt
379 2989 415 3061 id
427 2982 511 3062 mihi
526 2980 756 3084 propositum
748 2987 845 3062 mitio
863 3013 932 3061 non
951 2989 1060 3064 fuisset

110 3097 203 3189 Quid
221 3100 310 3172 enim
322 3096 354 3180 ei
367 3097 585 3198 praecipiam,
597 3122 698 3196 quem
712 3123 777 3196 ego
792 3100 827 3170 in
840 3101 908 3171 hoc
923 3099 1059 3195 praefer·

110 3207 170 3304 titn
197 3217 331 3305 genere
345 3209 521 3309 intelligam
543 3210 722 3305 prudentia
741 3234 811 3281 non
836 3209 902 3282 elle
928 3209 1071 3311 inferio-h

112 3308 203 3401 rem,
219 3343 316 3422 qnam
336 3344 410 3406 me;
421 3321 479 3392 usu
493 3344 577 3391 vero
590 3320 686 3392 etiam
702 3320 930 3418 superiorem?
948 3322 1011 3392 Sed
1020 3343 1060 3391 ta

113 3452 190 3500 men
204 3427 226 3498 [ι
240 3431 281 3501 ad
294 3454 351 3517 ea,
362 3455 445 3530 quae
458 3431 600 3522 faceres,
613 3432 787 3505 aullotitas
800 3433 970 3505 accederet
983 3455 1060 3518 mea,

113 3537 174 3608 tibi
186 3537 242 3633 ipsa
258 3537 311 3612 illa
325 3531 441 3638 paravi
457 3537 531 3615 fore
550 3541 755 3615 iucundiora.
785 3543 897 3633 Quare
911 3538 973 3612 fint
987 3539 1061 3612 haec

113 3643 322 3724 fundamenta
344 3648 509 3753 dignitatis
533 3666 631 3740 ntae}
650 3666 705 3724 tua
730 3650 875 3752 primum
900 3648 1061 3750 integritas

18 3888 155 3960 Α
