2348 4238
347 214 574 288 LIBER
622 210 745 290 XVI.
973 228 1043 320 ¹29⁴

82 409 153 457 cum
173 404 276 482 manu
289 391 427 477 magna:
444 378 498 451 sed
512 378 559 451 est
572 378 668 476 plane
681 404 775 476 puer.
788 396 883 475 putat
894 378 1042 456 senatum

82 495 193 568 [latim.
213 490 288 588 quis
310 489 452 561 veniet?
479 489 673 579 srv'enerit,
695 489 768 584 quis
791 488 925 562 incertis
945 491 1043 564 rebus

82 602 226 677 offendet
248 598 459 670 Antonium?
485 597 561 669 Kal.
582 600 649 669 lan.
674 597 746 668 erit'
761 596 893 670 sonasse
918 600 1044 695 praesr-

82 715 153 800 li03
165 728 224 783 aut
243 708 380 806 quidem
396 724 480 779 ante
498 707 754 805 depugnabitur.
773 733 880 804 puero
894 711 1043 784 munici-

82 824 129 922 pia
147 822 236 894 mire
248 817 377 891 sanent.
399 816 462 888 iter
482 817 572 889 enim
595 815 720 888 faciens
737 815 773 887 in
794 820 965 891 Samnium
979 845 1045 895 ve·
1128 840 1132 858 '

82 931 261 1016 nitentes,
275 927 541 1001 mansitTheani.
564 925 707 1000 mirifica
727 964 918 1018 mmm,
936 948 970 1003 et
983 955 1047 1005 ω..

82 1042 237 1118 nortatio.
255 1041 322 1112 hoc
332 1061 369 1113 tu
383 1044 536 1135 putares?
549 1040 596 1110 ob
614 1037 680 1111 hoc
694 1063 761 1135 ego
775 1039 872 1113 citius
885 1042 1046 1134 Romam,

82 1180 179 1253 quam
206 1149 451 1228 constitueram.
474 1147 570 1220 simul
588 1158 638 1220 ac¹
654 1145 878 1238 constituero,
896 1150 1046 1226 scribam.

82 1265 144 1339 Etsi
164 1262 317 1335 nondum
339 1257 563 1354 stipulationes
585 1259 727 1356 legeram
749 1255 830 1357 (nec
852 1259 940 1332 enim
960 1265 1047 1337 Eros

82 1370 237 1471 venerat)
252 1394 364 1444 tamen
377 1393 449 1441 rem
462 1367 568 1464 pridie
582 1367 657 1439 Idus
670 1367 771 1453 velim
785 1366 954 1440 conficias.
965 1372 1048 1468 Epi·

82 1485 178 1560 slolas
195 1482 373 1570 Catinam,
391 1477 679 1567 Tauromenium,
697 1476 873 1577 Syracusas
893 1503 1048 1556 commo·

82 1593 303 1672 dimmittere
317 1606 460 1687 potero,
477 1587 501 1658 si
517 1587 668 1660 Valerius
681 1587 842 1686 interpres
854 1590 897 1660 ad
912 1580 966 1664 nie
979 1616 1048 1664 no·

82 1706 173 1780 mina
185 1700 409 1803 gratiosorum
426 1696 599 1795 scripserit.
616 1697 670 1770 alii
681 1697 771 1770 enim
787 1697 862 1789 sunt
879 1698 975 1790 alias3
988 1719 1049 1793 no·
1147 1746 1152 1765 .

82 1816 206 1913 sitique
224 1810 400 1884 familiares
412 1807 480 1881 fere
493 1807 669 1897 demornri.
681 1809 817 1904 publice*
828 1826 938 1884 tamen
949 1810 1050 1910 scrip-
1171 1855 1173 1871 =

82 1925 126 2017 ti,
140 1923 165 1994 sr
178 1921 229 1995 uti
242 1919 343 1993 vellet
360 1919 407 1992 eis
422 1917 591 2001 Valerium
611 1940 668 1991 aut
681 1918 763 1990 mihi
780 1920 917 1993 nomina
935 1922 1050 1994 mitte·
1134 1942 1136 1951 ’

83 2030 141 2111 tet.
168 2037 228 2108 De
248 2021 438 2128 Lepidianis
454 2030 547 2105 seriis
565 2029 686 2102 Balbus
701 2030 742 2101 ad
755 2054 810 2102 me
823 2055 927 2129 usque
944 2032 987 2104 ad
1001 2053 1058 2108 ιιι

83 2143 228 2220 Kalend.
239 2138 443 2237 Exspeslabo
458 2163 528 2211 tuas
542 2137 673 2211 literas:
687 2139 795 2238 deque
814 2142 981 2239 Torqua'ti
995 2167 1051 2216 ne·

83 2253 217 2365 gotiolo'
233 2249 392 2324 sciturum
412 2266 507 2344 puto.
540 2246 665 2341 Quinti
683 2247 790 2321 literas
804 2250 845 2322 ad
859 2271 892 2322 te
906 2250 997 2337 misr,
1010 2271 1049 2326 ut

84 2346 217 2454 scires,
227 2387 330 2488 quam
353 2360 460 2432 valde
475 2384 553 2432 eum
575 2378 719 2484 amaret,
741 2386 843 2470 quern
868 2362 958 2434 dolet
979 2381 1048 2437 ate

85 2479 197 2552 minus
218 2472 332 2544 amari.
352 2471 500 2559 Atticae,
520 2470 698 2569 quoniam,
718 2471 813 2566 quod
835 2471 1023 2566 optimum
1013 2496 1050 2544 m

87 2586 199 2684 pueris
223 2581 291 2672 est,
318 2580 456 2653 hilarula
478 2578 545 2672 est,
565 2578 649 2666 meis
670 2579 783 2652 verbis
803 2577 954 2717 suavium
979 2581 1049 2666 des.
1125 2624 1132 2642 ι

86 2698 180 2853 ω
259 2812 525 2886 CICERO
554 2811 881 2903 ATTICOS.
975 2812 977 2818 ’

92 3052 145 3101 12.
164 2925 459 3107 OPPII
368 3019 543 3118 epistolae,
567 3020 646 3118 quia
667 3021 871 3118 perhumana
883 3037 971 3110 erat
986 3010 1049 3098 tibl
1124 3018 1147 3053 ⁴⁷

83 3136 163 3210 misr
181 3135 385 3236 exemplum.
406 3128 462 3203 De
477 3129 614 3219 Ocella,
632 3131 710 3202 dum
724 3149 760 3202 tu
780 3130 974 3228 muginaris,
987 3155 1051 3208 nec

88 3246 173 3320 mihi
190 3244 378 3343 quidquam
399 3239 571 3327 rescribis,
596 3241 670 3336 cepi
695 3239 866 3314 confilium
890 3240 1052 3315 domesti-

86 3381 179 3447 cum.
210 3353 321 3450 itaque
339 3375 404 3422 me
419 3349 535 3446 pridie¹
547 3352 622 3424 Idus
640 3351 784 3426 arbitror
809 3355 938 3424 Romae
957 3352 1053 3426 sutu-

87 3491 177 3539 rum
190 3461 406 3536 commodius
419 3459 595 3550 estvisum,
605 3461 873 3536 srussrameisiic
885 3462 964 3554 esse,
974 3484 1052 3546 cum
1169 3526 1171 3531 .

86 3576 124 3648 id
143 3596 217 3644 non
234 3568 362 3642 necesse
380 3569 476 3658 esset,
494 3596 613 3668 quam,
634 3571 755 3672 stopus
776 3572 874 3662 esset,
897 3599 966 3646 non
990 3578 1051 3648 ad·

84 3683 179 3771 asse3
192 3698 227 3754 et
240 3679 349 3765 simul,
363 3703 404 3751 ne
415 3677 669 3780 intercluderet
682 3684 880 3769 metuebam.
890 3683 945 3766 ille
962 3685 1052 3776 enim

162 3781 313 3854 Cicer.0
310 3805 375 3874 per.
403 3782 475 3858 Vol.
497 3778 642 3860 IX·
832 3778 869 3880 l
916 3835 919 3839 ·
