2362 4238
186 310 190 315 ,
264 166 816 327 consutorum
963 251 1038 327 2„

81 390 211 461 tandum
224 386 277 488 effe
294 389 477 477 dixeramus
490 415 503 460 .·
518 391 632 461 Nouus
640 386 737 486 sunt,
750 388 949 488 conjiciatum
956 415 1041 485 peto.

128 503 265 573 Tertium
283 499 386 600 restat,
399 502 505 577 Roma
516 501 572 602 ιβ,
585 505 697 574 civitas
717 529 757 572 ex
778 507 945 573 nationum
964 530 1041 589 eon·

81 633 172 682 uentu
202 613 391 713 constituta:
415 617 450 681 in
475 639 539 706 qua
554 617 679 684 multae
697 612 843 710 insidiae,
855 618 957 687 multa
966 617 1041 705 sal

81 726 297 812 luzeia,multa
321 728 358 796 in
387 727 476 809 omni
502 750 604 818 genere
628 726 707 793 uitia
732 727 1043 819 mrſsenturtmulto·

81 854 148 903 rum
170 837 371 930 arrogantia,
382 829 549 921 multorum
562 836 784 932 contumatia,
796 838 962 906 multonem
973 860 1045 904 ma-

81 930 243 1033 levolentia
255 997 267 1031 ,
292 949 458 1019 multorum
473 944 653 1039 superbia,
679 949 844 1017 multorum
873 940 1043 1033 odiumai

81 1055 216 1154 molestia
240 1057 419 1150 perferenda
446 1057 493 1157 ιβ.
532 1060 630 1127 Video
650 1055 705 1155 effe
722 1060 830 1155 magni
850 1057 969 1155 eonſslii
983 1079 1041 1126 at·
1106 1134 1108 1138 ,

81 1192 135 1259 qut
158 1166 257 1250 artis,
283 1169 318 1235 in
339 1190 386 1236 tot
401 1166 562 1260 hominum
581 1170 729 1259 cuiusque
749 1171 836 1257 modi
856 1169 944 1236 uitiis
967 1189 1049 1257 tans

81 1277 178 1370 risque
205 1277 374 1367 uerfitntern
400 1278 498 1361 uitare
524 1272 739 1374 offerfionem,
761 1274 858 1347 uitdre
867 1277 1043 1366 scedulam,

81 1387 176 1455 uitare
189 1384 319 1482 infidas
331 1415 346 1470 ;
359 1383 415 1484 effi
426 1413 525 1457 unum
547 1387 701 1477 hominem
716 1387 983 1460 accommodatum
998 1385 1046 1478 ad

81 1517 203 1565 tantam
217 1522 359 1585 morum,
376 1524 414 1566 ac
424 1495 630 1587 sermonum,
641 1498 890 1597 acnolnntaturn
904 1495 1043 1574 νιιὶιιατ

81 1631 150 1691 tem.
166 1608 274 1701 Quare
285 1608 380 1677 etiarn
394 1609 593 1703 atqueetiam
604 1631 693 1699 perge
705 1627 800 1705 tenere
821 1604 912 1706 βω
930 1603 1043 1703 uiam,

81 1716 178 1811 qnam
195 1720 359 1823 instituisti.
377 1724 487 1789 excelle
500 1720 638 1789 dicendo.
652 1717 709 1788 leot
728 1712 1045 1812 &tenenturxllomae

81 1828 237 1915 ltornines,
252 1853 280 1898 et
293 1831 496 1914 alliciuntur,
511 1823 544 1896 o
558 1827 598 1896 ab
618 1825 833 1917 impediendo,
847 1853 885 1895 ac
897 1827 1045 1895 laedendo

81 1940 268 2031 repelluntur.
297 1940 344 2007 Et
356 1939 505 2029 quoniam
529 1936 563 2009 in
581 1935 636 2003 leot
656 1936 708 2004 uel
724 1935 864 2004 maxime
880 1935 1052 2037 uitiosaejl

81 2050 211 2133 ciuitas,
226 2051 326 2140 quod,
344 2048 510 2141 largitione
530 2040 722 2139 interpofita,
735 2044 856 2114 uirtutis
875 2071 912 2113 ae
933 2047 1045 2139 digni·

81 2157 158 2226 tatis
176 2154 312 2248 oblivisci
322 2157 402 2250 fhlet
411 2185 427 2244 ;
444 2158 481 2225 in
497 2157 553 2225 lroc
570 2153 631 2245 fae
654 2175 689 2222 ut
705 2175 732 2222 te
752 2155 823 2224 bene
841 2157 938 2242 noris,
951 2155 1046 2255 idest,

81 2288 114 2334 ut
128 2266 310 2360 intelligas,
325 2267 392 2334 ium
402 2278 428 2334 'e'
452 2293 467 2334 e
482 2276 529 2354 le,
541 2265 603 2358 qui
618 2263 729 2333 iudicii
743 2289 780 2332 ao
787 2264 916 2354 periculi
929 2285 1045 2333 metum
1077 2340 1080 2351 ¹

81 2377 258 2444 maximum
281 2375 528 2472 competitoribusv
547 2370 656 2470 afferre
664 2371 767 2469 poffis.
790 2375 877 2460 Fac,
892 2374 969 2464 utse
988 2376 1045 2445 abs

81 2507 106 2554 te
116 2484 259 2583 cessodiri
267 2495 358 2576 atque
370 2483 643 2576 observariseiant.
655 2510 725 2553 eum
734 2484 931 2578 diligentiam
943 2508 1046 2573 taam,

81 2620 148 2664 curn
161 2593 387 2679 auftomaeem,
401 2598 524 2688 uimque
537 2588 672 2682 dicendi,
686 2590 753 2664 turn
764 2591 898 2686 profit‘lo
909 2596 1046 2696 equestris

81 2705 203 2773 ordinis
216 2728 286 2798 erga
302 2726 330 2772 te
338 2703 479 2803 studium
490 2702 715 2796 pertimescant.
740 2706 847 2797 Atque
863 2705 936 2773 liaeo
952 2707 999 2774 ita
1019 2727 1049 2775 te

82 2816 151 2882 uolo
164 2812 233 2881 illis
240 2837 405 2903 proponere
414 2864 425 2899 ,
438 2838 525 2899 non,
541 2836 578 2882 ut
597 2815 717 2883 videare
735 2815 800 2882 iarn
821 2813 1047 2903 accusationem

81 2917 241 3004 meditari,
246 2916 309 3006 sed
326 2941 363 2987 ut
383 2920 440 2987 ltoc
468 2940 576 2988 terrore
595 2917 732 3007 facilius
751 2919 807 2987 lzoe
829 2918 930 3009 ipsum
942 2971 951 3006 ‚
965 2922 1050 3012 quod

81 3029 174 3120 agis,
196 3027 385 3119 consequare.
408 3023 558 3119 &plane
571 3054 600 3097 ιι
616 3031 761 3097 contende
769 3029 923 3098 omnibus
944 3014 1048 3101 neruis'

81 3162 117 3205 ae
130 3135 364 3227 fereultatibus,
378 3160 413 3207 ut
432 3136 647 3228 adipisiamur
660 3139 746 3228 quod
761 3137 909 3230 petimus.
932 3139 1049 3227 Video,

81 3247 170 3314 nulla
185 3241 238 3340 effe
250 3247 378 3317 comitia
393 3268 461 3315 tarn
474 3247 644 3339 inquinata
656 3247 840 3338 largitione,
855 3248 967 3340 quibus
980 3257 1053 3318 nort¹

81 3355 181 3448 gratis
191 3354 317 3445 aliquae
331 3356 485 3425 centuriae
498 3359 674 3426 renuntient
678 3354 760 3446 suos
771 3406 782 3443 ,
796 3356 937 3426 mraxime
946 3355 1048 3448 neces·

81 3466 190 3536 uerus.
211 3467 318 3558 Quare
319 3464 358 3562 β
367 3468 586 3560 advigilamus
596 3493 656 3558 pro
669 3469 710 3534 rei
723 3469 873 3562 dignitate
883 3518 895 3553 ,
907 3461 943 3535 ’δ’
942 3464 981 3563 β
990 3492 1049 3544 no·

81 3577 152 3647 lros
168 3578 216 3644 ad
230 3575 394 3667 summurn
404 3574 547 3676 studium
573 3577 731 3646 benevolos
754 3578 932 3646 excitamus
937 3603 953 3660 ,·
967 3570 1000 3645 ὅ*
1011 3566 1054 3674 β

81 3689 260 3762 inminibus
271 3685 412 3786 gratiffis
419 3675 624 3794 studiofisque
635 3687 728 3789 nostri
741 3687 843 3780 seeum
861 3688 965 3783 cuique
982 3713 1052 3758 mu*
1156 3725 1157 3730 κ
