2348 4238
111 301 116 313 ¹
162 231 229 309 192
287 208 610 291 nnisrorrnuu
636 203 709 279 ro
733 204 1031 301 prutnueu

155 399 224 449 tare
240 374 293 465 se,
313 373 415 472 sego
434 396 511 445 eum
533 395 604 442 non
627 368 826 467 impedirem
838 422 853 457 ,
865 368 962 466 polle
984 396 1040 445 me
1055 362 1121 448 adr*-

157 481 237 579 pisci
259 481 326 556 stne
348 477 566 554 contentione
590 479 684 575 quod
698 476 829 551 vellem.
846 495 959 551 totum
975 477 1008 553 ei
1026 504 1124 578 nego·

139 594 244 667 tium
257 592 410 691 permifi,
424 614 545 690 meque
557 589 593 660 in
606 587 676 663 eius
694 585 855 686 potestate
878 588 950 665 dixi
964 578 1051 665 sore,
1072 599 1123 673 ln-

100 780 103 785 ,
158 702 273 777 tersuit
287 703 365 775 huic
377 698 523 775 sermoni
534 703 570 770 P.
585 698 716 771 Crassus
727 696 941 789 adolescens,
955 701 1060 777 noliri
1072 708 1126 799 (ut

159 811 248 910 scis)
259 811 517 884 studiosissimus.
532 810 614 882 lllud
625 831 738 883 nutem
748 809 861 904 ,quod
873 810 1126 912 cupitClodius‚

158 921 206 994 est
219 921 344 1019 legatio
357 921 492 1019 aliqua',
510 918 533 990 s1
552 917 661 991 minus
679 942 738 1015 per
757 918 922 1009 senatum,
938 946 1125 1021 peupopu·

159 1029 253 1118 lum,
267 1029 388 1117 libera,
401 1050 457 1100 aut
473 1026 692 1126 Byzantium,
706 1026 816 1097 autad
831 1026 1066 1125 Brogitarum,
1077 1050 1127 1104 eut

161 1157 351 1233 utrumque.
366 1135 467 1208 Plena
479 1160 532 1206 res
545 1157 774 1206 nummorum.
797 1136 905 1227 Quod
918 1134 987 1235 ego
999 1163 1070 1214 non
1083 1139 1128 1213 ni·

163 1246 268 1317 mium
298 1245 440 1332 laboro,
460 1242 585 1315 etiamsi
607 1244 717 1315 minus
736 1242 909 1343 assequor,
926 1249 1023 1345 quod
1041 1251 1130 1325 volo.

162 1357 341 1454 Pompeius
366 1378 475 1428 tamen
502 1378 582 1426 cum
608 1352 726 1426 Crasso
744 1354 875 1427 locutus
898 1356 963 1431 est.
984 1358 1132 1434 videntur

165 1463 337 1562 negotium
348 1460 528 1557 suscepisse.
542 1460 563 1530 s1
577 1458 777 1555 perficiunt3
791 1463 931 1559 optime.
944 1464 995 1537 sin
1008 1468 1129 1557 minus3

165 1578 208 1653 ad
223 1574 369 1646 nostrum
384 1575 501 1643 lovem
515 1590 732 1650 revertamur.
752 1576 790 1645 A.
807 1574 901 1647 d.111
917 1576 966 1650 ld.
991 1580 1074 1673 Maii
1090 1582 1132 1655 se·

167 1678 450 1759 natusconsultum
466 1679 511 1751 esl
532 1679 654 1751 fartum
677 1681 718 1753 de
730 1680 858 1753 'ambitu
869 1682 905 1754 in
922 1683 1055 1759 Afranii
1068 1687 1131 1761 sen·

166 1795 323 1882 tentiam,
340 1816 440 1889 quam
470 1782 535 1891 eg'o
562 1793 735 1881 dixeram,
755 1817 831 1865 cum
854 1813 892 1867 tu
917 1796 1069 1885 adesses,
1086 1798 1132 1871 sed

167 1927 293 2003 magno
307 1927 384 1977 cum
399 1903 527 2001 gemitu
543 1901 680 1975 senatus.
701 1902 863 1977 Consules
885 1929 957 1978 non
976 1905 1052 1981 sunt
1064 1934 1131 2007 per·

167 2016 272 2093 secuti
290 2040 409 2089 eorum
430 2015 627 2103 sententias,
644 2012 703 2112 qui
725 2012 863 2085 Afranio
877 2039 957 2088 cum
975 2017 1078 2093 effenr
1092 2016 1132 2090 as·

167 2126 247 2198 sens
260 2179 270 2213 ‚
283 2125 500 2214 addiderunt,
513 2144 551 2197 ut
564 2141 732 2219 praetores
744 2122 788 2194 ita
799 2141 1013 2215 crearentur,
1025 2145 1061 2199 ut
1074 2126 1129 2199 dies
1158 2176 1172 2210 ,,

170 2259 221 2309 Lx
235 2236 356 2330 privati
367 2234 481 2306 essent.
494 2258 537 2305 eo
557 2232 610 2302 die
625 2233 791 2302 Catonem
807 2234 904 2328 plane
914 2236 1128 2331 repudiarunt.
1159 2266 1160 2273 ¹

170 2346 264 2437 Quid
282 2344 405 2416 multa?
426 2360 538 2415 renent
551 2343 690 2427 omnia,
707 2332 807 2438 idque
824 2340 868 2413 ita
881 2366 1006 2419 omnes
1022 2345 1127 2420 intelli·

171 2481 249 2555 gere
264 2457 396 2532 volunt.

328 2622 659 2715 mancuso.
695 2622 991 2703 exuturus.

172 2768 332 2854 Respondet
357 2767 484 2851 epistolae
510 2767 629 2848 Quinti,
654 2792 708 2852 qua
733 2769 759 2841 se
787 2787 909 2832 metuere
933 2771 1086 2856 scripserat,
1099 2790 1123 2831 nr
1158 2824 1159 2831 ,

214 2885 278 2925 eum
296 2863 377 2922 literis
398 2861 453 2921 suis
472 2862 632 2944 interpellet.
651 2862 738 2925 Anno
749 2862 790 2924 U·
806 2863 843 2928 C.
861 2863 932 2946 698.
1151 2852 1154 2861 ¹

181 3117 236 3164 ιο.
254 2992 374 3169 TU
395 3092 531 3180 metuis,
551 3115 592 3164 ne
614 3116 668 3164 me
690 3087 900 3188 interpelles?
919 3090 1127 3190 primo,fiin
1153 3142 1164 3165 ·.

54 3288 65 3313 ἢ
177 3203 241 3276 illo
255 3203 375 3290 essem,
390 3225 428 3275 tu
447 3203 529 3290 scis,
546 3202 626 3300 quid
640 3202 678 3274 fit
696 3202 916 3298 interpellare.
938 3209 993 3276 An
1015 3227 1047 3277 te
1066 3208 1128 3275 tlte·
1153 3198 1157 3210 ¹

181 3312 255 3385 ius?
276 3310 465 3384 mehercule
483 3311 564 3382 mihi
579 3313 703 3383 docere
722 3312 890 3385 videbaris
907 3312 1000 3387 istius
1024 3311 1130 3412 generis
1159 3297 1166 3329 η

179 3424 417 3495 humanitatem
430 3448 441 3508 ;
457 3448 522 3520 qua
543 3423 677 3519 quidem
700 3445 765 3521 ego
780 3424 859 3495 nihil
874 3445 952 3498 utor
965 3424 1025 3497 abs
1036 3442 1078 3498 te.
1089 3426 1129 3494 Tu
1159 3421 1163 3426 ’

182 3556 288 3620 vero,
302 3550 400 3604 utme
415 3552 448 3606 et
463 3533 621 3630 appelles,
633 3557 666 3605 et
679 3532 866 3630 interpelles
877 3589 888 3623 ,
900 3558 933 3607 et
943 3536 1130 3633 obloquare,
1165 3525 1167 3548 ¹

184 3660 217 3714 et
228 3642 421 3742 colloquare
435 3643 548 3719 velim.
572 3642 667 3738 Quid
684 3644 774 3718 euim
792 3643 874 3717 mihi
888 3642 1046 3723 stravius?
1066 3644 1129 3717 Not
