2348 4238
190 256 257 328 144
314 234 634 308 tatstotmuu
660 234 728 306 tu
751 235 799 329 o.
823 231 1043 309 tanatum

95 466 99 477 ,
181 395 265 472 stros
291 399 420 472 animos
441 397 590 471 maximis
612 398 646 469 in
664 398 761 470 rebus
783 416 817 470 et
838 399 992 495 gerendis
1009 397 1129 472 etsulli·

181 509 297 593 nendis
316 508 535 598 exercitatos,
555 506 661 606 frangi
673 532 706 581 et
720 507 883 580 debilitari
901 507 1054 581 molestia
1066 504 1128 582 n'ot
1149 564 1152 573 .

181 636 330 715 oportet.
352 614 565 716 Et'quoniam
584 643 622 689 ea
640 616 862 690 molestissime
885 606 973 690 serre
992 617 1128 689 homines

180 730 324 819 debent,
337 754 422 826 quae
435 728 584 825 ipsorum
598 729 693 824 culpa
707 728 876 800 contrada
888 727 974 817 suat,
985 724 1033 800 est
1046 724 1128 825 quid·

180 842 256 913 dam
280 840 316 912 in
336 840 447 911 haere
462 839 544 910 mihi
565 833 733 913 molestius
748 836 924 910 ferendum
936 888 949 925 ,
961 834 1128 934 quamtibi.

179 950 302 1029 saelum
316 949 362 1022 esl
375 948 464 1021 enim
478 974 552 1021 mea
566 949 663 1045 culpa
676 1001 687 1035 ,
702 968 821 1019 contra
836 969 936 1042 quam
948 961 985 1016 tu
1000 968 1126 1034 mecum,
1165 976 1166 987 ¹

178 1060 213 1134 'et
225 1056 508 1156 proficiscenS,et
526 1081 585 1154 per
597 1056 706 1128 literas
725 1071 855 1154 egeras,
869 1071 906 1126 ut
924 1048 1038 1151 priore
1051 1079 1125 1126 anno

179 1195 249 1241 non
263 1168 502 1253 succederetur.
535 1168 640 1262 Quod
659 1191 743 1265 ego,
758 1166 838 1238 dum
861 1164 1031 1237 sociorum
1052 1163 1127 1238 saluti

180 1278 341 1369 consulo',
362 1281 442 1352 dum
458 1276 680 1376 impudentiae
701 1274 941 1369 nonnullorum
960 1275 1130 1372 negotiam-

88 1414 98 1433 ‘
178 1416 253 1464 rum
268 1389 408 1475 ,resrsto,
430 1389 511 1461 dum
533 1387 679 1459 nostram
708 1384 848 1484 gloriam
867 1404 923 1458 tua
945 1385 1070 1457 virtute
1085 1410 1129 1456 au·

177 1500 249 1599 geri
266 1519 409 1595 expeto,
422 1497 486 1570 feci
507 1521 577 1568 non
596 1497 778 1592 sapientem
801 1492 991 1590 praesertim
1013 1519 1084 1566 cum
1101 1491 1128 1564 id

177 1608 420 1690 commiserim,
435 1625 471 1678 ut
485 1607 540 1680 ille
556 1607 634 1678 alter
647 1631 750 1677 annus
766 1605 864 1677 etiam
883 1604 1017 1676 tertium
1037 1602 1127 1701 posset

177 1716 350 1788 adducere.
381 1715 486 1806 Quod
500 1712 658 1812 quoniam
671 1731 843 1808 peccatum
857 1735 969 1783 meum
984 1709 1050 1784 esse
1062 1734 1127 1784 con·

177 1821 298 1908 {iteor3
316 1820 362 1897 ell
378 1821 551 1919 sapientiae
570 1844 667 1920 atque
683 1820 893 1895 humanitatis
911 1837 1009 1913 tuae,
1027 1843 1125 1895 curare

179 1952 212 2032 et
225 1930 409 2028 perficere,
424 1953 460 2005 ut
473 1933 539 2004 hoc
558 1931 667 2004 minus
680 1931 843 2027 sapienter
855 1956 874 2002 a
887 1957 942 2004 me
956 1929 1128 2028 provisum,

178 2038 344 2141 diligentia
368 2063 423 2116 tua
446 2043 640 2140 corrigatur.
668 2047 718 2114 Ac
738 2042 808 2114 site
830 2042 901 2140 ipse
915 2041 1130 2121 vehementius

146 2170 149 2175 '
178 2154 221 2224 ad
241 2170 359 2224 omnes
380 2164 488 2249 partes
513 2146 597 2225 bene
626 2155 782 2245 audiendi
807 2154 987 2240 excitatis;
1012 2179 1079 2229 non
1102 2167 1128 2225 ut
1163 2234 1166 2244 1

115 2266 117 2271 ’
166 2288 256 2336 vcum
269 2262 360 2351 aliis,
376 2263 433 2335 sed
454 2285 492 2337 ut
509 2282 619 2336 tecum
635 2265 700 2334 iam
724 2264 792 2360 ipse
807 2283 941 2349 certes3
963 2265 989 2335 si
1008 2287 1128 2337 omnem
1165 2290 1166 2294 ¹

104 2385 106 2392 ’
177 2365 268 2444 tuam
290 2390 461 2463 mentem,
480 2399 593 2446 curam
609 2373 897 2470 ,cogitationem
916 2376 958 2445 ad
979 2378 1129 2449 excellen-

177 2503 244 2553 tem
266 2482 421 2554 omnibus
435 2483 469 2552 in
490 2485 586 2553 rebus
609 2483 716 2554 laudis
739 2483 950 2578 cupiditatem
975 2483 1127 2568 incitatis3

81 2602 82 2605 ’
177 2591 389 2680 mihicrede,
411 2617 494 2664 unus
519 2618 622 2666 annus
642 2594 772 2664 additus
792 2593 898 2664 labori
916 2615 1000 2682 tuo,
1022 2594 1130 2666 multo·

177 2724 436 2772 romannorum
459 2701 615 2772 laetitiam
638 2702 759 2790 nobis,
777 2702 919 2799 gloriam
940 2727 1028 2775 vero
1043 2703 1131 2774 etiam

177 2807 318 2905 posteris
337 2809 455 2881 nostris
474 2808 598 2882 afferet.
619 2813 835 2905 Quapropter
853 2810 920 2881 hoc
935 2832 968 2882 te
992 2811 1129 2906 primum

176 2942 287 3014 rogo,
306 2942 348 2988 ne
366 2919 562 3008 contrahas,
585 2927 641 2989 aut
655 2919 807 2991 demittas
825 2920 996 3009 animum,
1013 2946 1096 2994 neve
1104 2938 1131 2992 te

177 3026 296 3113 obrui,
319 3042 476 3121 tanquam
500 3024 622 3114 flttttu,
645 3023 688 3098 fic
708 3025 932 3121 magnitudine
955 3028 1083 3126 negotii
1101 3028 1130 3101 st·
1164 3098 1166 3109 ,

177 3159 261 3218 nas;
282 3154 464 3231 contraque
490 3137 611 3231 erigas,
632 3161 670 3208 ac
690 3134 1032 3223 resistas‚s1veetiam
1055 3138 1129 3210 ultro
1164 3160 1166 3195 ;

177 3268 334 3316 occurras
344 3246 495 3341 negotiis.
521 3248 638 3340 Neque
652 3245 740 3319 enim
753 3246 919 3329 ,eiusmodi
931 3270 1063 3341 partem
1074 3248 1128 3319 rei·

178 3353 329 3448 publicae
341 3355 445 3450 geris,
460 3355 494 3424 in
509 3379 574 3448 qua
587 3354 721 3426 fortuna
736 3354 944 3444 dominetur,
959 3355 1018 3429 sed
1030 3358 1066 3428 in
1076 3377 1127 3453 qua

178 3464 354 3559 plurimum
369 3465 452 3535 ratio
468 3465 576 3559 poffit,
586 3485 627 3537 -et
642 3465 818 3560 diligentia.
838 3459 969 3556 Quodsi
983 3466 1056 3552 tibi,
1069 3463 1127 3538 bel·
1162 3552 1166 3562 Ι

179 3576 249 3646 lum
270 3577 406 3674 aliquod
422 3602 577 3673 magnum
593 3597 626 3648 et
640 3575 863 3671 periculosum
877 3573 1125 3660 administranti,

179 3707 401 3784 prorogatum
423 3689 601 3791 imperium
614 3689 785 3777 viderem,
810 3705 987 3768 tremerem
1004 3689 1124 3774 animo,
1161 3760 1166 3768 ,
