2362 4238
831 234 834 241 ’
976 232 1044 322 501

331 392 392 488 Μ.
468 399 820 488 TULLII

107 562 920 739 ‚crcuuouts
1052 568 1055 573 ·

117 754 1001 934 FRAGMENTA

81 962 84 975 '
520 967 610 1039 EX

196 1091 1032 1249 npr'suottn

102 1428 200 1508 “EX
225 1437 510 1509 EPISTOLA
534 1435 611 1508 AD
635 1437 683 1509 M
707 1436 1008 1512 TITINIUM.

799 1571 805 1581 ι

87 1536 249 1713 Spar.
263 1637 300 1703 cl.
313 1626 421 1726 Rlut.)
433 1628 595 1728 Equidem
609 1629 770 1713 memoria
783 1647 885 1704 teneo
900 1683 912 1721 ,
935 1631 1047 1730 pueris

85 1740 182 1814 nobis
204 1740 348 1837 primum
370 1738 485 1810 Latine
504 1740 626 1812 docere
653 1736 797 1837 coepiffe
822 1742 859 1811 L
881 1740 1045 1816 Plautium

85 1851 270 1944 quendam,
288 1849 330 1919 ad
339 1872 438 1944 quem
450 1873 528 1919 cum
542 1845 637 1920 fieret
648 1840 852 1938 c'oncursus,
870 1849 965 1946 quod
978 1845 1047 1923 stu·

88 1957 280 2031 diosrffimus
291 1956 429 2054 quisque
444 1957 531 2051 apud
548 1981 626 2028 eunt
646 1972 877 2043 exerceretur,⁴
889 1955 1047 2030 dolebam
1156 2046 1161 2051 ,

88 2062 167 2155 mihi
180 2065 269 2136 idem
284 2086 353 2135 non
366 2063 479 2135 licere.
504 2061 700 2136 continebar
713 2081 824 2134 autem
839 2061 1045 2137 dofflffimo·

90 2193 158 2241 rum
182 2172 358 2242 hominum
385 2171 580 2243 autiontate
595 2223 606 2260 ,
620 2162 699 2269 'qui'
709 2169 921 2257 existimant,
940 2174 1046 2273 Grae·

91 2279 130 2352 tis
145 2281 436 2354 exercitationibus
448 2281 491 2352 ali
498 2279 618 2353 'melius
631 2280 762 2378 ingenia
774 2279 878 2378 posse.

90 2394 156 2502 ti)
190 2431 515 2503 conuertunt
550 2431 812 2504 unnornu
842 2404 1046 2545 quatu.
1161 2388 1164 2395 ¹

130 2573 277 2658 Mncn.
290 2573 343 2640 lib.
358 2595 390 2640 2.
407 2593 479 2660 cap.
497 2592 524 2638 1.
534 2562 684 2664 Sarum.)
700 2570 811 2666 ltaque
822 2568 948 2660 nostri,
965 2594 1045 2645 cum

82 2678 221 2770 omnia,
237 2702 320 2775 quae
339 2676 544 2763 dixissemus,
564 2676 646 2778 dieta
664 2676 788 2764 effent;
808 2701 892 2775 quae
914 2679 1044 2770 facete,

85 2809 115 2859 er
129 2789 296 2875 breviter,
314 2810 347 2861 et
366 2805 459 2859 acute
478 2787 582 2859 locuti
601 2787 756 2879 effemus,
767 2812 810 2865 ea
824 2791 966 2888 proprio
982 2817 1045 2867 no·
1099 2861 1106 2879 ,

81 2900 173 2972 mine
190 2888 347 2996 appellari
366 2897 491 2969 difleria
509 2897 700 2971 voluerunt.

332 3011 393 3078 Ad
411 3009 538 3078 eandem
551 3035 591 3077 ex
604 3010 655 3079 lib.
673 3011 796 3081 incerto.

128 3117 282 3189 Pntsc.
307 3120 362 3190 lib.
386 3115 448 3214 8.)
477 3118 555 3189 Hoc
578 3116 747 3192 restiterat·
761 3117 860 3197 etiam
873 3140 885 3209 3
914 3139 953 3198 ut
971 3149 990 3199 a
1011 3141 1049 3200 te

81 3219 165 3297 fietis
179 3227 375 3322 aggrederer
391 3225 499 3331 dpnis.
756 3225 758 3231 ’

128 3337 273 3420 Ριιιερ.
288 3333 391 3434 ibid.)
413 3335 484 3430 Qui
495 3334 613 3429 habet,
631 3334 720 3411 ultro
729 3338 914 3437 appetitum
930 3339 1045 3442 quiest

81 3467 230 3542 pauper,
248 3446 443 3543 aspernatur.

128 3556 261 3625 Sutr.
275 3557 382 3627 ialal.
396 3550 511 3653 Caiefi)
527 3554 645 3649 Quid?
659 3575 833 3632 oratorum
846 3576 955 3658 quem'
966 3550 1052 3638 huic'

81 3679 266 3761 tntepones
284 3683 423 3756 eorum,
437 3663 497 3765 qui
509 3665 589 3744 nihil
608 3666 697 3742 aliud
709 3666 873 3767 egemnt?
893 3668 1050 3774 qttitseng
