2348 4238
446 214 675 312 'tritu
722 235 848 313 xrri
1069 267 1112 341 ι,

143 400 345 476 absolvatur.
365 403 455 500 Ego,
468 417 507 474 ut
520 422 654 497 tempus
672 398 721 473 est
738 399 889 473 nostrum
900 456 911 493 ,
923 402 1115 488 locumhc·

141 511 207 584 beo
227 512 375 602 nullum,
386 510 445 583 ubi
462 509 591 584 facilius
612 509 677 583 elle
689 510 833 608 pollam,
846 537 946 609 quam
961 511 1111 588 Asturae.

142 621 196 694 sed
220 623 320 721 quia,
342 622 400 720 qui
429 644 562 691 mecum
586 619 679 709 sunt,
695 617 713 718 (
727 621 850 709 credo,
864 621 959 720 quod
975 618 1114 693 moesti·

141 734 220 805 tiam
233 759 345 808 meam
358 728 750 829 nonferunt‚)domum
763 733 1032 829 properant3ets1
1046 757 1114 829 po·

141 859 246 915 teram
274 866 465 932 remanere,
478 859 610 926 tamen,
632 856 670 912 ut
693 839 803 937 scripsi
826 838 1112 938 tibi,proficiscar
1148 888 1155 932 ι)

140 955 237 1043 hinc,
250 980 294 1032 ne
308 953 439 1027 relictus
449 951 574 1026 videar.
588 944 659 1048 quo
672 969 782 1025 autem
797 957 810 1023 ἓ
829 952 1038 1026 Lanuvium?
1051 976 1113 1026 co-

89 1156 93 1161 ·
142 1092 203 1138 nor
224 1066 383 1162 equidem
406 1064 441 1135 in
469 1064 707 1139 Tusculanum.
728 1061 784 1134 sed
804 1063 921 1136 faciam
946 1081 978 1136 te
1000 1064 1111 1140 statim

139 1175 328 1250 certiorem.
336 1197 374 1247 tu
387 1173 497 1246 literas
511 1169 849 1268 conficiesiequidem
863 1172 1022 1248 credibile
1035 1197 1107 1246 non

82 1310 84 1337 ε
138 1281 205 1370 est,
222 1299 386 1380 quantum
398 1282 538 1355 scribam
550 1281 604 1362 die
615 1305 626 1364 ;
639 1281 721 1378 quin
736 1280 834 1351 etiam
848 1262 1013 1359 nollihff.
1025 1278 1108 1354 nihil

82 1454 84 1459 ,
138 1394 226 1466 enim
243 1393 361 1465 somni.
374 1392 444 1464 heri
455 1391 554 1464 etiam
566 1389 663 1465 effeci
675 1389 848 1487 epistolam
862 1391 905 1470 ad
920 1374 1108 1465 Caesarem.

138 1502 195 1575 tibi
217 1501 309 1574 enim
330 1501 500 1599 placebat:
516 1525 616 1598 quam
638 1525 709 1573 non
723 1500 787 1573 fuit
805 1501 930 1575 malurn
944 1500 1065 1592 scribi,
1081 1502 1107 1574 fi

136 1613 222 1686 sorte
242 1637 328 1714 opus
342 1613 407 1688 effe
422 1631 562 1710 putares.
574 1632 616 1686 -ut
629 1612 765 1711 quidem
777 1639 866 1686 nunc
881 1611 950 1702 est,
961 1612 1043 1684 nihil
1055 1614 1124 1687 sa·¹

135 1749 174 1799 ne
187 1723 236 1798 est
249 1724 376 1801 necesse
389 1724 532 1798 mittere.
550 1722 606 1796 sed
621 1721 658 1794 id
672 1721 831 1821 quidem,
844 1741 881 1796 ut
893 1721 955 1796 tibi
970 1719 1103 1796 videbi·

133 1854 195 1906 tur.
206 1835 337 1906 mittam
350 1853 462 1909 tamen
480 1836 523 1907 ad
536 1852 570 1908 te
582 1834 774 1930 exemplum
786 1832 921 1910 fortaffe
934 1833 1102 1930 lanuvio,

134 1943 190 2016 rifi
207 1942 299 2018 forte
313 1947 469 2019 Romam.
490 1943 627 2018 sederas
639 1941 731 2019 scies.
804 1967 805 1971 ’
955 1949 958 1958 ’

314 2149 550 2225 CICERO
586 2145 822 2223 ATTICO
871 2151 908 2229 S.'
967 2146 969 2152 ’
1033 2221 1036 2227 .

133 2406 188 2479 27.
204 2286 332 2460 DE
343 2373 485 2480 epistola
498 2383 539 2455 ad
548 2383 742 2474 Caesarem,
755 2388 852 2463 nobis
869 2417 955 2466 vero
968 2395 1100 2495 semper

128 2491 301 2564 rectiffime
329 2492 472 2590 placuit,
487 2511 524 2566 ut
544 2491 596 2564 isti
622 2511 697 2566 ante
719 2494 874 2595 legerent.
888 2503 985 2576 aliter
1005 2508 1096 2579 enim

126 2596 297 2673 fuiffemus
310 2602 390 2692 etin
405 2602 467 2672 hos
483 2600 672 2687 inoffici0fi‚
683 2605 760 2676 etin
773 2610 1005 2707 nosmetipsos,
1019 2614 1043 2686 fi
1059 2615 1097 2688 il·

125 2706 192 2811 lum
203 2709 363 2784 offensuri
379 2709 523 2797 fuimus,
534 2736 638 2808 paene
654 2714 840 2810 periculosi.
853 2719 904 2794 isti
916 2740 1026 2796 autem
1039 2725 1094 2797 in·

86 2844 89 2864 ⁴
125 2838 252 2911 genue3
266 2816 417 2914 mihique
435 2835 584 2914 gratum,
599 2821 710 2915 quod,
723 2823 807 2920 quid
831 2825 1009 2916 sentirent,
1023 2841 1094 2906 nort

124 2926 350 3000 reticuerunt:
365 2928 445 3000 illud
469 2934 555 3002 vero
569 2929 623 3002 vel
647 2933 798 3027 optime,
810 2937 903 3029 quod
922 2938 969 3011 ita
987 2942 1093 3017 multa

124 3038 246 3110 mutari
271 3039 413 3124 volunt,
432 3057 470 3112 ut
492 3038 574 3110 mihi
595 3039 637 3114 de
663 3042 793 3141 integro
811 3045 975 3122 scribendi
997 3053 1092 3128 causa

124 3172 192 3220 ron
204 3147 269 3219 'fita
283 3172 484 3246 quamquam
499 3150 541 3222 de
559 3151 713 3225 Parthico
730 3153 818 3227 bello
840 3158 922 3253 quid
944 3161 1091 3256 speclare

82 3278 85 3283 ’
123 3255 246 3346 debui,
260 3255 321 3328 nih
340 3258 434 3355 quud
452 3258 545 3333 illum
569 3262 655 3336 velle
671 3263 877 3340 arbitrabar?
890 3255 983 3367 quod
999 3271 1090 3347 enim

124 3366 209 3457 aliud
219 3393 450 3467 argumentum
459 3373 619 3471 ¹epistolae
628 3376 771 3467 nostrae,
784 3378 844 3449 nili
856 3410 995 3470 notaria,
1004 3382 1090 3458 fuit)

124 3501 183 3567 an,
195 3479 220 3549 fi
232 3503 292 3570 ea,
306 3505 391 3578 quae
406 3485 535 3580 optima
549 3507 699 3584 putaram
711 3543 723 3578 ‚
737 3489 874 3563 suadere
887 3489 1064 3565 voluiffem
1078 3543 1092 3580 .

124 3589 229 3661 oratio
238 3590 321 3662 mihi
333 3591 509 3669 defuiffetl
523 3597 604 3669 totis
614 3597 716 3696 igitur
724 3598 827 3671 literis
840 3599 920 3672 nihil
932 3626 1018 3698 opus
1028 3601 1091 3678 est.

94 3711 99 3725 ·
121 3698 181 3773 uhi
203 3700 294 3777 enim
317 3734 492 3801 crarium
520 3730 689 3808 magnum.
704 3706 847 3880 nulumB
862 3705 937 3784 lieri
963 3706 1091 3810 pellit,

1037 3950 1163 3992 »a-
