2348 4238
408 252 708 377 ttnaer.
876 203 1073 402 ,ιη

82 416 243 516 li‘genrer,
257 434 295 488 ut
308 392 416 489 inhac
429 370 579 490 custodia
593 410 785 539 provinciae
803 439 872 489 non
883 434 916 490 te
925 443 1047 512 unum,
1161 424 1163 429 '

82 527 138 598 sed
158 549 281 598 onmes
301 523 492 601 ministros
484 527 630 622 imperii
635 526 703 614 tui,
721 509 838 612 sociis,
853 547 885 599 et
900 529 1048 620 civibus,

82 654 115 704 et
137 605 343 727 reipublicae
365 631 523 728 praestare
541 632 709 706 videare..
725 634 937 758 Quamquam
957 639 1049 735 lega·

82 757 138 813 tos
158 740 262 813 habes
273 764 354 827 eos,
373 764 431 834 qur
421 739 505 836 ipsi
519 765 578 836 per
593 740 625 815 se
642 739 785 814 habituri
804 742 865 815 lint
885 745 1049 818 rationem

82 851 257 948 dignitatis
268 850 341 946 suae
351 876 362 933 ;
373 853 414 922 de
427 848 549 946 quibus
561 849 710 937 honore,
725 871 758 921 er
770 848 942 947 dignitate,
955 873 989 928 et
1000 843 1063 928 ae?

82 977 156 1031 tate
169 959 312 1056 praestat
320 960 478 1047 Tubero,
488 985 588 1057 quent
601 985 666 1057 ego
681 960 846 1048 arbitror,
862 964 1050 1059 praesertim

83 1093 168 1159 cum
184 1069 304 1140 scribat
316 1066 506 1153 historiam,
520 1067 643 1140 multos
660 1092 701 1137 ex
717 1069 780 1140 suis
793 1072 964 1145 annalibus
978 1074 1052 1168 pos·

83 1177 124 1251 se·
136 1179 299 1275 deligere,
315 1176 516 1300 quosvelit,
529 1196 563 1250 et
572 1177 823 1293 pollitimitari:
840 1181 983 1255 Allienus
996 1209 1053 1255 au·

83 1305 156 1360 tem
176 1288 290 1361 noller
302 1283 351 1359 est
371 1312 446 1360 cum
466 1311 580 1359 ammo
591 1304 624 1358 et
637 1289 886 1374 benevolentia,
907 1307 977 1363 tum
992 1319 1056 1366 ve·
1143 1349 1145 1353 ψ

84 1421 128 1468 ro
144 1396 246 1490 etiam
261 1394 445 1468 imitatione
462 1396 611 1469 vivendi.
640 1398 727 1475 Natu
739 1397 821 1492 quid
834 1421 899 1496 ego
913 1399 955 1471 de
967 1404 1053 1473 Gra·

85 1505 176 1578 tidio
193 1499 337 1574 dicam?
354 1527 452 1599 quem
466 1522 558 1576 cetto
576 1503 705 1575 sciona
723 1505 871 1577 laborare
887 1507 929 1580 de
937 1509 1053 1582 existi-

84 1613 241 1686 matione
259 1611 338 1697 sua,
350 1630 386 1683 ur
406 1634 545 1710 propter
561 1637 713 1685 amorem
729 1615 763 1684 in
775 1639 837 1687 nos
850 1613 1051 1715 fraternum,

84 1723 190 1795 etiam
207 1720 249 1792 de
262 1721 369 1792 nostra
382 1720 525 1795 laboret.¹
537 1721 757 1816 Quaestorem
771 1725 892 1809 babes,
911 1747 1053 1800 nontno

86 1831 220 1905 iudicio
240 1830 426 1920 delectum,
444 1829 498 1902 sed
514 1854 615 1922 eum,
633 1856 731 1928 quem
755 1834 825 1904 sors
846 1835 945 1906 dedit.
964 1836 1053 1912 hunc

87 1960 279 2040 oporteret
298 1940 353 2012 sua
371 1942 487 2035 sponte
499 1942 570 2027 ,elle
584 1943 811 2030 moderarum,¹
829 1961 863 2015 et
881 1946 946 2017 tuis
963 1946 1054 2019 insti·

87 2056 174 2131 tutis·
184 2080 224 2126 ac
240 2048 424 2149 praeceptis
437 2054 673 2148 obtemperare.
689 2055 844 2144 Quorum
856 2054 879 2125 st
893 2057 967 2152 quis
982 2054 1056 2129 for·
1079 2062 1083 2069 ’
1100 2139 1102 2143 ,
1144 2103 1146 2108 -

87 2187 122 2240 te
140 2165 223 2238 ellet
241 2163 422 2249 sordidior,
439 2162 542 2236 ferres
554 2179 712 2250 eatenus,
730 2162 843 2261 quoad
862 2189 922 2259 per
940 2165 971 2237 se
993 2190 1053 2239 ne·

88 2276 259 2375 gligeret
247 2298 301 2347 eas
316 2274 422 2372 leges,
439 2272 561 2372 quibus
580 2272 658 2346 ellat
676 2273 865 2361 cdllticlus3
882 2298 950 2347 non
962 2295 1000 2350 ur
1014 2301 1054 2349 ea

89 2385 275 2485 potestate,
300 2400 401 2481 qnam
423 2401 461 2455 tu
484 2384 526 2454 ad
553 2383 744 2479 dignitatem
770 2384 987 2479 permistlles,
1010 2387 1053 2460 ad

90 2494 268 2603 quaestum
288 2510 445 2567 uteretur.
480 2494 598 2589 Neque
617 2492 706 2563 enim
729 2489 812 2562 mihi
833 2493 906 2563 sane
924 2494 1055 2615 placet,
1092 2491 1094 2496 ’

91 2598 286 2703 praesertim
305 2608 383 2677 cum
397 2601 433 2672 hi
453 2623 564 2672 mores
582 2620 708 2674 tantum
720 2598 786 2671 iam
801 2599 887 2671 ad
856 2602 990 2675 nimiam
1004 2603 1055 2678 le·

84 2712 236 2786 'nitatem
254 2733 288 2786 et
311 2711 354 2783 acl
375 2709 589 2784 ambitionem
610 2695 841 2797 incubuerint,
865 2707 998 2790 scrutati
1019 2733 1055 2785 te

93 2846 214 2898 omnes
226 2820 360 2907 sordes,
372 2839 527 2917 excutere
540 2842 810 2915 unumquemque
824 2843 962 2905 eorum;
981 2820 1056 2910 sed,

94 2929 219 3030 quanta
240 2927 306 2998 stt
298 2953 331 2997 ιιι
349 2927 484 3024 qnoque
498 2923 629 3020 fideq,
618 2944 743 2995 tantum
763 2926 884 3047 cuique
897 2929 1056 3001 commit

95 3058 178 3112 tete.
206 3032 338 3130 Atque
330 3049 413 3105 mter
420 3032 510 3118 hos,
523 3056 582 3117 eos
593 3085 603 3120 ‚
608 3056 702 3137 quos
716 3031 775 3102 tibi
790 3033 928 3106 comites
946 3055 980 3106 et
995 3025 1080 3108 ad·

96 3147 224 3221 iutores
243 3141 452 3237 negotiorum
472 3118 679 3235 pttblicoittm
703 3139 794 3212 dedit
811 3139 879 3236 ipsa
896 3143 1056 3237 respubli-

97 3262 157 3342 ca',
177 3254 338 3325 duntaxat
357 3247 477 3324 linibtu
491 3250 540 3323 his
555 3248 750 3345 praestabis,
771 3274 855 3346 quos
873 3265 946 3320 ante
964 3276 1057 3351 prae·

96 3359 219 3458 scripsi.
237 3359 335 3450 Quos
348 3381 430 3429 veto
445 3363 500 3429 aut
518 3381 560 3428 ex
571 3357 759 3430 domesticis
772 3359 1054 3457 conviclionibus,
1075 3393 1099 3461 4

97 3492 153 3542 aut
172 3493 214 3540 ex
233 3463 416 3537 necessariis
438 3465 698 3564 apparitionibus
718 3491 830 3539 tecum
853 3466 918 3538 effe
939 3469 1055 3542 volui-

100 3575 184 3682 lli,
170 3577 232 3675 qni
255 3575 343 3673 quast
357 3602 398 3647 ex
420 3577 560 3648 cohorte
581 3580 742 3672 praetoris
757 3578 913 3673 appellari
933 3581 1055 3672 solent,
1126 3598 1137 3613 “

101 3678 222 3762 horum
231 3684 540 3803 nontuodosadla,
553 3687 611 3771 sed
624 3688 724 3762 etiam
738 3689 821 3760 diua
834 3688 1054 3783 ontniaptae·

732 3785 817 3876 lla

945 4006 948 4011 Ι
1048 3964 1148 3996 Α
