2348 4238
170 197 219 301 98
325 196 641 287 rprsrorrnuu
669 197 735 269 ιι)
761 199 1025 274 urricuu

101 387 290 475 magno
315 361 435 434 dolore
458 384 527 431 non
549 358 689 456 polium
710 359 823 431 nihil
814 361 912 459 igitur
933 388 1009 435 curn
1033 363 1112 447 istis:

84 551 92 588 ι
167 492 231 549 nec
254 493 320 546 tam
339 472 485 545 animum
504 489 580 559 me,
602 496 702 567 quam
716 471 775 543 vix
796 471 1001 547 stomachum
1023 477 1113 549 habe·

164 607 203 659 re
217 583 422 655 arbitrantur
442 523 685 671 Prosedionenr
702 606 829 672 meam,
843 602 881 654 ut
893 583 1018 673 video
1026 586 1116 657 Ero·

165 695 208 767 tis
227 691 423 789 dispensatio
437 689 593 786 impedit.
616 715 693 763 nam
712 715 789 763 curn
809 715 849 762 ex
867 691 1022 789 reliquia,
1040 717 1116 790 quae
1150 746 1152 751 -

165 804 276 881 Nonis
305 802 412 898 April.
435 801 532 892 fecit,
557 800 612 873 vel
638 802 803 874 abundare
828 793 990 888 debedrn3
1017 830 1117 903 cogor

141 946 144 950 ⁸
166 912 310 987 mutuari
324 938 332 984 :
348 914 506 1009 quodque
518 937 561 983 ex
575 910 640 983 istis
659 910 828 986 srudluosrs
841 913 938 987 rebus
952 940 1117 1013 receptum

165 1022 231 1110 est,
254 1022 289 1092 id
308 1044 372 1120 ego
393 1022 435 1093 ad
455 1021 535 1093 illud
553 1019 666 1092 sanum
683 1019 859 1117 sepositum
879 1023 1047 1119 putabam.
1068 1020 1119 1096 sed

163 1124 246 1209 haee
268 1132 391 1205 Tironi
413 1130 594 1219 mandavi,
613 1154 713 1228 quem
736 1132 878 1203 obeam
901 1133 1029 1205 causam
1053 1136 1120 1205 Ro-
1146 1210 1152 1241 Ι

163 1268 253 1319 marn
267 1243 349 1318 misr.
361 1236 394 1341 te
409 1243 502 1315 nolui
513 1241 711 1338 impeditum
728 1241 900 1338 impedire.
925 1244 1050 1317 Cicero
1064 1269 1118 1318 no·

23 1370 25 1374 “
80 1390 121 1433 ν,
163 1352 230 1426 ster
250 1378 320 1451 quo
345 1350 527 1425 modestior
547 1348 614 1440 est,
639 1374 682 1422 eo
706 1375 759 1423 me
781 1351 883 1447 magis
913 1370 1117 1426 commovet

56 1510 62 1539 ,
148 1449 207 1533 ‘ad
227 1485 281 1532 rue
302 1461 393 1532 enim
414 1459 455 1543 de
477 1458 540 1530 hac
559 1483 594 1530 re
610 1457 692 1530 nihil
714 1458 858 1561 scripsit,
880 1461 923 1533 ad
944 1459 1047 1560 que'm
1067 1464 1116 1535 ni·

162 1571 285 1646 mirum
300 1567 502 1666 potissimum
517 1566 642 1638 debuit.
660 1565 785 1678 scripfit
796 1566 862 1640 hoc
875 1588 985 1642 autern
1007 1573 1048 1645 ad
1062 1573 1117 1644 Ti·

76 1762 79 1769 ,
161 1677 375 1767 ronem‚s1bi
392 1674 467 1772 post
480 1676 555 1748 Kal
570 1677 672 1772 April.
693 1670 858 1774 (sicenim
877 1702 1022 1752 annuum
1035 1700 1115 1754 tem

161 1814 226 1888 pus
248 1732 394 1883 coirfici)
414 1785 496 1859 nihil
519 1787 634 1861 datum
657 1788 745 1861 effe.
760 1787 822 1860 tibi
843 1813 907 1885 pro
927 1811 986 1863 tua
1009 1810 1118 1866 natura

161 1897 292 1994 semper
313 1893 489 1994 placuiffe,
506 1913 604 1994 teque
623 1895 815 1970 existimasse
829 1897 864 1968 id
876 1896 975 1970 etiarn
996 1901 1038 1972 ad
1051 1902 1116 2000 dig·

55 2002 57 2007 ⁴
160 2005 297 2081 nitatem
314 2027 429 2077 meam
449 2002 630 2098 pertinere,
649 2029 724 2075 eum
739 2018 809 2074 non
828 2006 934 2078 modo
946 2001 1116 2083 liberaliter

155 2144 181 2193 ia
196 2105 309 2207 nobis',
328 2116 383 2190 sed
400 2114 499 2188 etiam
515 2133 631 2187 ornate
649 2114 876 2210 cumulatenue
890 2115 1031 2191 uallari.
1043 2145 1115 2217 qua·
1149 2176 1152 2197 .

82 2217 85 2224 ⁴
160 2253 198 2302 re
208 2227 310 2305 velim
323 2225 526 2319 cures‚(nec
537 2224 598 2295 tibi
611 2220 709 2296 ellenr
724 2224 878 2298 molestus
888 2225 1005 2325 ,siper
1016 2229 1120 2305 alirrnr'

160 2337 229 2414 hoc
251 2359 347 2434 agere
366 2331 541 2430 poffem,)
561 2350 596 2404 ut
617 2351 823 2428 permutetur
847 2334 1001 2407 Athenas.
1025 2337 1112 2435 quod

146 2449 201 2525 ¹lit
220 2447 255 2519 in
272 2471 418 2519 annuum
429 2444 603 2534 ¹sumtum,
625 2444 655 2515 ei
674 2443 797 2517 scilicet
819 2448 904 2517 Eros
916 2450 1112 2521 numerabit.

88 2645 94 2655 Ι
123 2613 126 2618 -
160 2561 232 2634 eius
250 2560 298 2633 rei
320 2559 414 2632 causa
436 2560 601 2631 Tironem
627 2557 709 2629 misr.
731 2558 862 2630 curabis
884 2559 1006 2656 igitur,
1027 2580 1061 2636 et
1076 2561 1112 2634 ad

160 2657 232 2762 rue,
252 2669 277 2741 fi
294 2669 376 2767 quid
397 2668 459 2742 tibi
472 2669 513 2741 de
528 2693 571 2741 eo
589 2667 771 2756 videbitur,
785 2668 915 2743 scriben

287 2910 294 2936 ι
363 2891 583 2979 cronno
615 2861 909 2966 nrr'rcos.⁴
986 2933 988 2938 -

163 3106 217 3180 16.
231 3003 488 3181 TANDEM
502 3130 521 3176 a
535 3101 700 3177 Cicerone
720 3099 925 3188 tabellarium
939 3074 975 3174 et
987 3103 1112 3179 meller-
1130 3173 1132 3177 .

26 3220 29 3226 '
86 3242 101 3271 ι’
157 3213 230 3291 cule
240 3212 353 3285 literae
362 3248 562 3305 nrnrvunnus
576 3211 734 3307 scriptae3
749 3214 842 3310 quod
853 3212 960 3310 ipsum
972 3246 1113 3306 urrunnu

155 3323 300 3421 aliquam
322 3319 541 3419 significaret:
556 3322 703 3419 iteinque
724 3325 825 3395 ceteri
844 3323 1009 3420 praeclara
1034 3322 1111 3395 scri·

68 3438 86 3506 s
157 3435 250 3507 bunt.
263 3433 424 3506 Leonidas
436 3452 546 3506 tamen
561 3434 679 3532 retinet
692 3433 787 3505 suum
802 3436 882 3507 illud
894 3437 995 3506 adbuc
1001 3463 1018 3522 ;
1033 3432 1112 3507 sum·

155 3545 220 3617 mis
231 3570 314 3617 vero
324 3540 478 3625 laudibus
495 3547 656 3644 Herodes.
667 3533 749 3642 quid
763 3547 892 3643 quaeris
907 3546 921 3618 l
935 3547 992 3618 vel
1013 3544 1109 3619 verba

139 3717 141 3722 ,
156 3653 239 3726 rnihi
255 3653 324 3727 dari
337 3651 433 3728 facite
450 3655 561 3753 patior
575 3654 610 3727 in
623 3653 689 3729 hoc
698 3704 710 3744 ‚
725 3678 843 3752 meque
864 3653 1006 3728 libenter
1019 3670 1108 3749 prae·

84 3934 237 4000 Α
282 3956 286 3961 ,
