2348 4238
182 228 256 303 ηε
327 225 648 301 umorauuu
671 224 741 295 iu
763 226 812 318 Q.
827 225 1050 297 rutrum

177 392 286 466 ditius
307 390 360 463 his
379 386 591 473 hominibus,
613 385 665 456 his
685 386 903 481 temporibus.
939 391 1078 486 ltaque,
1096 413 1135 461 ex

180 504 352 604 republica
369 501 532 597 qrronizm
548 499 631 570 nihil
647 498 715 569 'nm
726 498 912 595 voluptatis
928 502 1007 596 capi
1020 499 1138 598 potesta

172 612 467 698 onslonncher,
488 608 611 681 nescio.
638 607 1130 708 lituumetslucliano·

176 716 1043 816 lin,etorirrrn,villaequrdeleflant,mzximeque
1062 743 1129 815 pur⁴

171 832 341 910 rinoflri.
365 827 1130 928 Angitrmnshlilo.sedvelimfinemafferrt

169 938 1127 1039 consrrlminquoenitarnonmimrs,quamsumeni·

173 1056 277 1128 susin
296 1050 561 1146 nostrumque
580 1046 813 1146 istinc‚quod
833 1045 1127 1137 facis,2diuvabis

172 1168 232 1241 De
258 1189 330 1264 quo
355 1182 465 1236 cetera
492 1159 587 1258 (niti
623 1161 720 1256 plane
746 1159 800 1231 vis
827 1154 1027 1259 eripuerit)
1050 1159 1127 1232 reue

169 1277 262 1366 sunt3
288 1269 703 1357 derefamitiaririmeo,

279 1395 314 1458 ‘0
326 1394 362 1457 le
375 1414 515 1473 pannas
529 1390 622 1451 ευτ’
638 1410 766 1459 maroc
907 1406 919 1429 ·

165 1507 231 1607 qui
248 1506 346 1579 ludos
368 1503 442 1573 H·S
459 1519 536 1571 ccc
555 1518 740 1595 comparet.
756 1497 852 1572 cuius
868 1497 1127 1573 inhocunoin·

42 1650 52 1669 ν
166 1611 450 1690 considerantiam
473 1630 507 1682 et
527 1633 595 1706 ego
615 1606 805 1692 sustinebo,
827 1626 865 1679 ut
888 1626 1036 1705 potero,
1051 1625 1084 1680 et
1097 1625 1127 1679 tu

167 1745 208 1799 ut
231 1722 350 1821 poffis,
366 1721 414 1795 est
437 1738 573 1792 tuorum
595 1741 790 1794 nervorum.
815 1718 872 1790 De
889 1736 992 1791 motu
1005 1741 1127 1817 tempo·

164 1857 247 1905 rum
258 1828 422 1906 venientis
434 1827 533 1917 aurii,
552 1827 636 1899 nihil
648 1846 681 1901 te
694 1827 876 1925 intelligere
888 1829 1064 1901 volueram
1076 1835 1126 1905 do

164 1939 296 2013 mestici
316 1937 467 2027 timoris,
485 1935 540 2009 sed
558 1936 600 2008 de
618 1937 793 2008 communi
811 1936 1017 2032 reipublicae
1034 1937 1126 2024 stau

162 2047 205 2123 in
231 2071 303 2146 quo
326 2043 453 2121 etiamsi
477 2043 560 2115 nihil
584 2067 756 2139 procuro,
777 2067 889 2125 tamen
911 2045 997 2118 nihil
1022 2072 1126 2121 curare

166 2153 228 2228 vix
252 2153 395 2250 possum.
423 2154 537 2244 Quam
556 2170 668 2222 autern
682 2168 716 2222 te
739 2152 840 2223 velim
863 2170 1000 2224 cautum
1019 2154 1126 2227 effein

167 2264 365 2352 scribendo,
390 2288 433 2335 ex
455 2261 523 2334 hoc
551 2257 735 2344 coniicito,
759 2260 853 2354 quod
878 2285 946 2358 ego
970 2264 1013 2334 ad
1035 2282 1067 2336 te
1089 2287 1125 2334 ne

165 2363 248 2444 lraec
268 2370 404 2468 quidem
423 2368 550 2457 scriba,
571 2392 656 2464 quae
678 2368 788 2462 palam
809 2370 846 2440 in
866 2371 1042 2467 republica
1056 2394 1121 2447 tur·

26 2562 30 2569 ,
164 2479 303 2566 bantur,
322 2504 363 2550 ne
386 2477 579 2574 cuiusquam
602 2474 751 2548 animum
773 2503 866 2554 meae
887 2480 1003 2554 literae
1025 2484 1121 2556 inter·

164 2604 281 2682 ceptae
296 2582 478 2656 offendant.
500 2585 614 2674 Quare
631 2583 814 2658 domestica
833 2612 912 2661 cura
928 2610 964 2660 te
984 2590 1122 2664 levatum

165 2697 261 2772 volo.
288 2698 324 2765 lu
343 2693 514 2788 republica
535 2692 603 2764 scio
623 2719 726 2790 quam
748 2696 905 2770 sollicitus
927 2699 995 2772 effe
1016 2701 1120 2777 soleas.

164 2804 278 2876 Video
299 2799 466 2871 Meffalam
488 2797 639 2870 nostrum
664 2801 848 2891 consulem,
867 2802 891 2874 s1
913 2829 974 2901 per
991 2806 1119 2891 interre-

162 2942 266 3014 gem,
287 2913 356 2985 sure
379 2911 505 2984 iudicio
530 2938 538 2980 ε
563 2911 587 2982 s1
607 2937 667 3008 per
691 2913 884 2985 dillatorenr
896 2968 908 3001 ‚
927 2935 1043 2991 tamen
1061 2918 1119 2990 stne

162 3025 326 3122 periculo.
344 3021 416 3094 odii
439 3020 520 3091 nihil
542 3020 648 3090 habet.
676 3020 845 3091 Hortensii
870 3023 965 3094 calor
986 3027 1117 3097 multum

163 3135 296 3211 valebit.
321 3131 458 3204 Gabinii
478 3127 664 3216 absolutio,
684 3127 737 3200 lex
757 3130 963 3225 impunitatis
985 3152 1115 3230 putatur.
1165 3148 1169 3182 ἲ

161 3279 190 3320 ιν
201 3242 408 3338 aaprppmde
427 3241 586 3312 dictatore
597 3258 709 3311 tamen
727 3240 836 3311 alium
849 3242 957 3315 adhuc
972 3244 1055 3316 nihil
1066 3243 1111 3316 esl.

160 3343 339 3446 Pompeius
356 3346 465 3418 abest:
484 3344 608 3440 Appius
628 3344 760 3417 miscet:
776 3348 896 3418 Hirrus
915 3374 1028 3444 parat:
1043 3351 1112 3422 nul·
1155 3354 1169 3435 ῗ

158 3458 186 3530 ti
210 3453 439 3529 intercessores
469 3473 713 3526 numerantur:
735 3454 878 3549 populus
905 3480 980 3527 non
1006 3474 1109 3532 curati
1144 3477 1152 3535 J

156 3561 322 3659 principes
341 3561 556 3655 nolunttego
568 3558 718 3655 quiesco.
745 3561 801 3632 De
818 3561 1015 3656 mancipiis,
1028 3560 1106 3659 quos
1141 3550 1155 3602 ³⁵

156 3671 240 3753 nutu
261 3670 449 3768 polliceris,
467 3669 562 3747 valde
574 3690 607 3745 te
623 3694 726 3745 nuo:
742 3692 776 3745 et
789 3671 860 3745 sum
879 3671 1053 3769 equidem,
1067 3668 1102 3743 uti
