2348 4238
175 268 230 347 94·
333 244 654 357 ernromuuu
679 242 748 317 ro
770 244 991 319 rmcuu
1092 184 1096 191 ⁵

172 410 232 483 dae
246 408 419 483 arbitrium
430 432 539 482 tuum.
553 407 609 480 sed
626 410 763 507 quando
775 408 868 479 illum
883 408 991 499 diem,
1004 432 1135 485 cumen·
1165 434 1166 455 ἢ

171 520 333 593 edendam
346 516 460 613 putes?
480 516 630 589 inducias
637 571 651 605 ‚
660 516 886 615 quasscribis,
898 542 971 589 non
983 519 1135 619 intelligo·

136 642 150 673 ⁶
169 628 242 702 fieri
254 626 360 725 posse.
380 626 560 699 meliorest
578 658 826 713 ererrrpuvncur:
850 650 917 724 qua
930 654 986 700 me
999 620 1137 704 usurum*

170 740 324 812 arbitror.
339 738 447 829 Quod
463 728 584 811 scribis*
592 736 741 835 legiones
753 735 834 808 duas
852 736 1066 812 Bnmdisium
1080 768 1138 815 ve.

170 845 273 930 niun
291 870 357 917 vos
373 844 489 916 omnia
503 847 603 942 prius.
621 843 742 915 scribes
756 843 879 939 igitur,
895 847 1065 944 quidquid
1081 874 1140 941 au·-

172 958 281 1031 dieris.
306 956 468 1026 Varronis
484 968 626 1049 sceioeyu
644 954 811 1049 exspeflo.
829 957 899 1026 Iam
921 959 1039 1052 probo
1059 970 1133 1052 ‘nga-

170 1078 314 1156 mnsm,
332 1062 525 1161 praesertim
546 1088 623 1134 cum
636 1081 675 1134 tu
690 1080 864 1158 tantopere
883 1062 1133 1137 delenere2sed

172 1175 269 1273 quale
287 1177 392 1265 velis,
410 1173 514 1246 velim
538 1173 631 1247 scire.
656 1172 765 1264 Quod
783 1175 826 1243 ad
845 1194 879 1244 te
899 1198 997 1245 antea
1007 1229 1022 1262 ‚
1038 1195 1142 1273 atque*

168 1287 254 1357 adeo
278 1290 374 1380 prius
399 1271 513 1379 scripsi
541 1281 618 1380 (sic
643 1283 734 1357 enim
760 1280 896 1379 mavis)
919 1301 958 1354 nr
979 1308 1068 1355 vero
1092 1282 1140 1355 ad?

168 1396 375 1473 scribendum
403 1394 512 1467 fecisti
538 1420 593 1466 me
620 1395 827 1468 alacriorem.
856 1396 899 1466 ad
925 1404 1023 1467 m'um
1048 1396 1137 1469 eninr

169 1509 329 1581 iudicium
341 1562 353 1595 ‚
377 1507 471 1602 quod
498 1504 581 1575 mihi
607 1523 833 1591 eternorum,
851 1504 1006 1577 addidisti
1031 1507 1135 1579 Pedu-

169 1618 220 1687 cei
239 1613 495 1704 audoritatem,
516 1634 670 1707 magnam
690 1611 825 1708 quidem
847 1611 937 1706 apud
952 1635 1032 1701 me,
1051 1628 1084 1683 et
1099 1612 1130 1683 in

167 1725 283 1822 primis
303 1728 450 1821 gravem.
482 1724 588 1796 enitar
607 1724 731 1821 igitur,
752 1749 794 1796 ne
817 1724 980 1797 desideres
1004 1745 1061 1797 aut
1080 1725 1128 1796 in-

169 1835 328 1908 dustriam
347 1860 472 1926 meam,
485 1835 772 1932 autsdiligenriam.
791 1838 996 1924 Vesienum,
1011 1859 1049 1909 ut
1059 1836 1135 1909 scri·-

169 1947 239 2037 bis,
250 1968 285 2019 et
297 1947 469 2020 Faberium
486 1945 603 2021 soveo.
624 1944 793 2017 Cloelium
812 1946 895 2019 nibil
912 1947 1059 2018 arbitror
1071 1962 1129 2017 m'a·

50 2086 54 2093 ’
168 2059 297 2134 liriose:
319 2083 565 2158 quamquam...
583 2057 638 2128 sed
655 2058 738 2153 quid
759 2056 886 2154 egerit?
914 2057 971 2128 De
984 2056 1127 2129 libertate

168 2171 358 2260 retinenda,
372 2178 440 2268 qua'
459 2190 547 2243 certe
568 2170 649 2241 nihil
662 2169 709 2242 est
725 2170 874 2258 dulciuS,
890 2167 952 2239 ribi
966 2159 1128 2241 assentior.

170 2284 262 2353 Itane
289 2280 387 2351 Gallo
415 2279 590 2350 Caninio?
614 2302 637 2350 o
664 2279 835 2349 hominem
859 2277 1030 2373 nequam!
1055 2277 1128 2375 qnid

169 2390 258 2464 enirn
281 2391 390 2461 dicam
408 2389 522 2461 aliud?
544 2409 676 2460 cautum
696 2387 910 2471 Marcellum3
933 2411 988 2457 me
1007 2388 1069 2476 sic,
1081 2386 1128 2458 sed

169 2524 240 2570 non
259 2519 369 2571 tamen
389 2497 620 2570 cautiffimum.
640 2500 801 2594 Longiori
817 2498 974 2595 epistolae
992 2500 1128 2596 superio·
1164 2524 1166 2567 i

169 2612 265 2706 rique
287 2608 451 2705 respondi.
472 2635 559 2680 nunc
572 2609 723 2680 breviori
738 2610 956 2706 propiorique
982 2612 1065 2708 quid
1080 2636 1131 2683 re·-
1164 2632 1166 2673 ῑ

170 2718 372 2815 spondeam,
392 2718 450 2789 nisi
469 2744 542 2790 eam
556 2717 651 2790 fuisse
675 2718 912 2790 dulcissimam?
933 2721 1000 2790 Res
1021 2719 1129 2816 Hispa·

170 2827 295 2899 nienses
317 2827 412 2900 valde
441 2829 559 2899 bonae.
585 2829 692 2903 modo
725 2827 899 2898 Balbilium
929 2828 1129 2900 incolumem

172 2937 325 3026 videam,
345 2937 521 3009 subsidium
542 2937 672 3008 nostrae
691 2935 870 3009 senedutis.
908 2941 962 3010 De
979 2939 1134 3011 Anniano·

170 3044 249 3117 item
261 3100 272 3134 ‚
285 3049 379 3144 quod
393 3073 446 3118 me
458 3049 553 3119 valde
567 3046 722 3120 observat
736 3049 879 3120 Visellia.
896 3048 952 3120 sed
966 3050 1049 3121 haec
1063 3051 1128 3147 qui·

32 3216 36 3225 .
172 3156 249 3226 deni
263 3159 415 3230 humana.
444 3161 499 3232 De
513 3160 618 3230 Brur'o
635 3182 668 3232 te
688 3159 770 3231 nihil
790 3160 871 3232 scire
887 3161 969 3232 dicis
983 3188 993 3231 ε
1008 3161 1064 3233 sed
1079 3167 1128 3233 Se·

171 3266 246 3338 licia
269 3269 391 3341 venisse
411 3274 459 3341 M.
479 3270 673 3364 Scaptium3
692 3297 835 3367 eumque
856 3297 923 3341 non
948 3298 1015 3368 qua
1036 3299 1127 3368 pom·

172 3403 237 3474 pa,
256 3380 296 3449 ad
317 3380 347 3450 se
370 3398 480 3449 tamen
504 3381 592 3449 clam·
614 3399 815 3469 venturum,
837 3381 1060 3479 sciturumque
1079 3402 1126 3453 me

171 3488 306 3559 omnia:
323 3514 407 3584 quae
426 3513 490 3586 ego
507 3489 623 3563 statim.
641 3493 766 3575 interea
780 3514 890 3564 narrat
905 3493 1043 3579 eadem,
1064 3490 1126 3564 Bas·

173 3596 197 3667 (ι
217 3597 352 3703 servum
369 3584 514 3689 venissi,
535 3603 593 3699 qui
616 3588 800 3690 nuntiaiet,
818 3603 964 3701 legiones
984 3606 1123 3674 Alexan·

174 3706 281 3780 drinas
295 3707 329 3780 in
345 3710 444 3782 armis
457 3710 541 3801 effe,
554 3712 687 3785 Bassum
700 3712 830 3803 arcein,
842 3712 987 3784 Caffium
1004 3714 1123 3810 exspec-

67 3860 175 3976 ’ἱ
230 3952 235 3963 .
