2348 4238
326 194 420 271 tto
461 183 800 309 '‘altor-uta
982 166 1054 292 til

82 350 212 441 {celle
225 352 299 441 etl..
314 332 466 457 optimus
481 358 572 433 enim
603 360 744 456 quisque
764 357 818 431 vir
833 376 867 434 et
883 351 968 434 civis
988 386 1057 432 ma·

82 458 174 542 rime
198 466 348 573 sequitur
368 466 528 563 iudicium
550 490 668 552 tuum,
690 466 817 565 tibique
839 492 956 541 omnes
978 467 1055 540 for·

82 602 130 655 :es
142 579 214 657 viri
229 586 353 656 navare
367 603 506 677 operam
520 598 555 651 et
566 573 712 650 studium
728 578 872 664 volunt3
888 605 949 652 nec
963 581 1057 681 quis·

82 686 184 791 {uam
198 686 264 776 est,
291 687 376 791 quin
393 687 438 767 ita
455 681 639 772 existimet,
658 709 767 760 meam
786 690 875 786 apud
887 707 919 762 te
933 707 967 761 et
983 716 1058 788 gra·

82 802 164 875 iam
183 819 219 874 et
239 784 470 885 aullorisatem
493 792 603 881 valere
624 797 816 894 plurimum.
840 795 905 871 Sed
921 801 962 871 C.
983 803 1058 873 Na·

82 912 257 1004 sennium,
281 911 485 1008 municipem
508 908 725 999 Suessanum,
743 904 866 984 tibiita
882 921 1059 985 commen·

82 1008 152 1112 Uo,
176 1039 216 1095 ut
237 1020 406 1095 neminem
434 1012 633 1117 diligentius.
664 1000 814 1092 Cretensi
838 1016 950 1113 bello,
979 1028 1058 1123 Meg·

82 1134 162 1207 :ello
178 1132 403 1228 imperatore,
424 1130 584 1202 ollarum
603 1128 788 1226 principem
804 1129 900 1201 duxit
914 1152 922 1202 t
942 1127 1066 1228 postea.

82 1234 118 1317 in
131 1269 172 1315 re
187 1242 342 1319 familiari
361 1230 544 1338 occupatus
558 1240 629 1313 fuit.
650 1236 728 1311 Hoc
741 1253 894 1336 tempore
906 1261 982 1315 cum
996 1244 1060 1317 rei·

82 1352 239 1461 publicae
258 1353 428 1450 partibus,
444 1369 516 1424 tum
529 1371 586 1423 tua
598 1344 773 1423 excellenti
788 1340 945 1448 dignitate
962 1378 1059 1425 com·

82 1484 224 1563 protus,
245 1461 347 1547 vellet
368 1491 428 1562 per
448 1482 482 1538 te
505 1459 630 1564 aliquid
654 1461 857 1567 aulloritatis
883 1462 1059 1542 alirrmerei

82 1568 226 1655 Fortem
236 1578 369 1671 virum,
383 1575 504 1667 Brute,
523 1572 585 1649 tibi
600 1576 823 1676 commemdo,
837 1576 922 1675 frugi
940 1575 1058 1667 homi·

82 1712 190 1779 nem,
205 1707 260 1777 et,
273 1681 297 1759 fi
312 1685 395 1784 quid
413 1688 455 1759 ad
473 1711 543 1758 rem
560 1685 719 1782 pertinet,
734 1687 833 1758 etiam
844 1682 1059 1783 locupletem.

82 1780 285 1895 l'ergratum
304 1796 389 1867 mihi
407 1794 525 1884 erit,s1
542 1820 620 1867 eum
633 1793 679 1867 ita
695 1795 862 1885 tractaris,
881 1784 918 1868 ut
934 1797 1058 1871 merito

82 1916 147 1987 tuo
166 1903 253 1983 mihi
271 1911 391 2009 gratim
410 1933 507 2006 agere
525 1906 632 2015 poffit.

274 2085 513 2189 cte-atto
563 2080 781 2217 arepto
830 2086 863 2159 S.

82 2252 206 2329 Brutum
213 2306 224 2339 ,
240 2261 276 2326 tle
289 2282 334 2340 te,
345 2262 466 2325 nesciunt
483 2220 577 2323 eruditi
591 2260 799 2344 qua,exquisrta
809 2279 867 2325 arte
885 2263 1057 2342 masolam,

95 2428 98 2433 ,
125 2361 209 2424 &ad
219 2357 404 2422 fortimdloem
415 2357 583 2418 cohortatur.
608 2354 695 2416 Anno
706 2349 744 2415 U
754 2352 790 2418 C.
805 2376 868 2437 710.

82 2592 123 2664 9.
140 2460 428 2639 FUNGERER
443 2554 583 2642 officio,
604 2582 673 2654 quo
682 2575 729 2641 tu,
740 2553 872 2630 funllus
882 2581 917 2634 es
928 2555 963 2630 in
977 2572 1057 2633 me'o

82 2671 203 2759 lullu,
220 2686 320 2772 teque
334 2694 392 2769 per
406 2671 516 2744 literas
531 2670 744 2757 consolarer,
770 2668 829 2738 nifi
840 2666 957 2741 scirem
970 2722 984 2768 ,x
1006 2670 1057 2743 hir

82 2779 268 2872 remediis,
292 2781 413 2878 quibus
436 2804 547 2853 meum
572 2780 725 2852 dolorem
743 2796 780 2850 tu
799 2772 956 2868 levasses,
973 2800 1006 2851 te
1019 2779 1056 2851 in

83 2912 154 2973 tuo
165 2917 236 2966 non
249 2914 369 2991 egere:
389 2913 427 2967 ac
439 2888 541 2967 velim
557 2885 715 2981 facilius,
738 2916 837 2987 quam
853 2911 934 2965 tunc
952 2894 1034 2967 mihi
1042 2942 1056 2980 ‚

82 3029 184 3083 nunc
197 3000 259 3075 tibi
276 3020 344 3077 tute
362 3004 525 3076 medeare.
538 3002 585 3074 est
598 3004 685 3074 enim
701 3001 844 3074 alienum
859 3023 953 3075 tanto
966 3007 1057 3097 viro,
1071 3022 1090 3045 ‘¹

83 3143 128 3193 ut
149 3135 263 3205 estu,
286 3114 380 3211 quod
400 3113 491 3185 alteri
505 3113 734 3207 praeceperit,
758 3110 793 3182 id
818 3108 926 3208 ipsum
949 3113 1057 3192 facere

85 3251 163 3303 non
177 3225 281 3324 polle.
307 3228 365 3297 Me
381 3223 517 3321 quidem
536 3246 612 3295 cum
625 3223 767 3292 rationes
783 3274 794 3311 ,
818 3246 898 3319 quas
912 3227 1056 3324 college.
1106 3254 1111 3259 ,

86 3364 168 3423 ras,
192 3358 263 3408 tum
287 3333 469 3407 aulloritas'
483 3350 563 3422 tua,
586 3357 604 3404 a
631 3331 737 3404 nimio
760 3356 915 3407 moerore
943 3333 1056 3409 derer-
1164 3392 1168 3401 .

88 3450 172 3522 ruit.
194 3445 280 3516 Cum
300 3446 389 3517 enim
401 3432 703 3516 mollius'tibi'ferre
717 3444 871 3532 viderer,
884 3471 981 3541 quam
998 3449 1055 3518 de·

87 3578 186 3630 cerer
205 3554 339 3642 virum,
374 3551 563 3647 praesertim
584 3576 684 3638 eum,
714 3553 770 3645 qui
785 3551 869 3623 alios
888 3553 1053 3628 consolari
1128 3590 1131 3595 ·

86 3667 214 3743 soleret
228 3686 239 3746 ;
254 3657 405 3734 accusasti
419 3686 472 3731 me
486 3683 544 3755 per
562 3659 670 3734 literas
683 3657 894 3757 gravioribus
915 3664 1052 3757 tolie,

169 3764 265 3835 Cicer.
291 3758 384 3856 Oprr.
401 3758 474 3830 Vol.
488 3756 559 3864 [If.
679 3853 681 3857 ,
827 3758 864 3851 Q

1028 3909 1136 3998 s·
