2348 4238
186 258 253 309 122
337 237 658 323 EPISTULARUM
683 236 752 312 AD
776 237 990 315 dTssCUM

360 413 595 509 CICERO
644 414 887 506 A's'srco
934 414 1006 485 S.

181 521 494 716 7.Octnvo
517 615 563 688 ld.
586 621 672 689 Sext.
694 641 776 688 cum
784 641 804 689 a
822 619 1032 743 Leucopetra
1056 637 1172 710 pro-

177 647 282 809 fietu
303 730 403 824 (inde
418 729 507 801 enim
525 727 771 826 tramittebam)
791 728 892 801 stadia
911 728 1046 802 circiter
1063 742 1130 800 ccc

99 857 102 863 “
170 838 419 938 processissem,
441 837 581 911 reiellus
596 837 664 910 sum
681 836 790 909 austro
804 835 995 910 vehementi
1008 837 1051 911 ad
1063 861 1131 911 ean·

177 950 255 1022 dem
269 951 534 1044 Leucopetram.
568 948 717 1020 ibicum
741 964 880 1021 ventum
913 945 1132 1042 exspectarem
1167 1020 1170 1025 ⁴

179 1056 370 1156 (eratenim
384 1057 462 1151 villa
474 1056 599 1131 Valerii
608 1055 710 1129 nostri
723 1108 734 1144 ,
749 1073 786 1127 ut
800 1053 1003 1133 familiariter
1013 1052 1132 1141 essem,

162 1162 216 1237 'et
230 1160 386 1261 libenter)
410 1165 553 1262 Rhegini
566 1164 723 1260 quidam,
737 1159 885 1233 'illustres
907 1159 1082 1248 homines,
1095 1185 1133 1232 eo

177 1291 366 1362 venerunt,
391 1273 502 1344 Roma
525 1270 598 1359 sane
618 1294 789 1355 recentes;
808 1269 843 1341 in
862 1268 903 1357 iis
917 1266 1012 1341 Bruti
1033 1264 1132 1339 nostri

177 1382 320 1480 hospes,
342 1383 400 1479 qui
414 1385 550 1453 Brutum
566 1380 708 1478 Neapoli
719 1366 905 1477 reliquisset.
923 1379 1004 1451 haee
1018 1375 1131 1448 affere·

177 1489 256 1562 bant
268 1542 282 1577 ,
298 1488 443 1559 edilium
449 1487 540 1559 Bruti
553 1507 587 1561 et
600 1487 715 1569 Casfii3
730 1505 763 1558 et
774 1485 846 1559 fore
860 1482 1072 1581 frequentem
1084 1482 1130 1555 se·

53 1663 56 1668 .
179 1617 293 1673 natum
306 1595 486 1681 Kalendis;
511 1599 645 1671 aBtuto
656 1614 690 1670 et
709 1595 819 1668 Cadio
833 1594 942 1667 literas
965 1591 1077 1666 missas
1091 1591 1129 1665 ad

176 1707 362 1781 consulares
379 1723 413 1778 et
427 1707 631 1802 praetorium
651 1725 689 1779 ut
707 1705 873 1795 adessent,
896 1726 1026 1801 rogare.
1049 1704 1132 1775 sunt·

178 1842 266 1890 mam
280 1818 371 1913 spem
382 1819 591 1908 nuntiabant,
605 1819 691 1908 fore,
704 1835 742 1889 ut
751 1816 913 1889 Antonius
926 1815 1132 1904 cederet,tes

180 1926 397 2014 conveniret,
407 1927 509 1999 nostri
524 1931 669 2000 Romam
678 1927 832 1999 redirent.
845 1924 1008 1995 addebant
1023 1926 1133 2014 etiam,

131 2067 133 2072 ’
177 2060 231 2141 pre
251 2034 445 2124 destdetari,
458 2034 667 2109 subaccusari.
681 2060 766 2132 quae
781 2059 857 2108 cum
867 2031 1026 2105 audissem
1040 2086 1051 2122 ,
1067 2033 1130 2109 line

27 2174 33 2253 j
176 2148 241 2220 tdla
262 2146 469 2220 dubitatione
487 2148 593 2220 abieci
612 2145 782 2220 consilium
802 2143 1042 2240 profestionis,
1065 2169 1133 2244 quo

33 2262 37 2271 '
177 2256 365 2328 mehercule
392 2281 433 2328 ne
460 2255 700 2352 anteaquidem
723 2253 914 2327 deledlabat.
936 2253 1028 2325 ledis
1052 2279 1131 2329 vero

19 2396 22 2403 ·
92 2356 96 2364 ¹
176 2362 239 2434 tuis
252 2362 375 2448 literis,
399 2363 577 2437 admiratus
601 2362 758 2459 equidem
771 2359 841 2431 sum
860 2415 871 2449 ,
893 2379 925 2430 te
942 2379 1010 2432 tam
1032 2364 1132 2436 velte·

176 2492 304 2545 menter
324 2473 516 2545 sententiam
525 2473 755 2556 commutasse3
776 2473 850 2558 sed,
864 2497 932 2543 non
946 2476 1014 2548 fine
1028 2478 1131 2565 causa,

176 2581 364 2653 arbitrabar.
383 2581 459 2664 etsi,
477 2582 630 2676 quamvis
645 2606 715 2651 non
729 2582 827 2653 fueris
841 2582 950 2653 suasor
967 2608 1000 2656 et
1015 2585 1130 2681 impul·

69 2786 71 2791 Ι
175 2689 231 2761 sor
259 2688 474 2784 profellionis
500 2713 622 2775 meae,
663 2689 867 2785 approbator
894 2711 982 2763 certe
1012 2688 1126 2781 suisti,

175 2799 365 2873 dummodo
377 2799 452 2869 Kal.
466 2800 531 2869 Ian.
541 2801 666 2869 Romae
680 2799 788 2870 essent.
800 2800 845 2870 ita
857 2797 954 2870 fiebat
962 2818 980 2886 ,‘
986 2824 1042 2890 ut,
1054 2803 1129 2874 dum

175 2910 284 2982 minus
299 2907 434 3005 periculi
448 2908 635 2995 videretur,
651 2908 810 2996 abessem,
832 2909 867 2989 in
887 2909 1058 2983 flammam
1080 2914 1130 3009 ip·

175 3020 242 3092 sant
258 3017 416 3089 venirem.
445 3015 500 3087 sed
519 3015 616 3102 haec,
635 3016 757 3088 etiamst
770 3042 839 3091 non
855 3018 1060 3113 prudenter,
1080 3040 1132 3092 ta·

176 3154 255 3200 men
282 3164 448 3220 ereptam
468 3125 565 3208 sunt,
594 3126 759 3221 primum,
790 3131 883 3226 quod
904 3131 945 3201 de
966 3155 1043 3202 mea
1060 3134 1129 3205 sen·

37 3226 43 3237 ⁸
71 3270 74 3275 ·
176 3236 480 3319 rentiaattasun13
505 3238 642 3329 deinde,
664 3241 788 3312 etiamst
813 3261 845 3315 te
868 3245 1026 3332 audiore,
1043 3244 1128 3343 ¹quid

174 3347 297 3433 debet,
324 3347 382 3442 qui
399 3347 570 3420 confilium
593 3349 668 3436 dat,
683 3351 843 3445 praestare
858 3351 986 3449 praeter
1002 3354 1128 3431 fidem?

54 3488 58 3499 ·
175 3455 259 3525 Illud
278 3456 431 3528 admirari
447 3456 522 3528 saris
532 3481 600 3528 non
610 3458 724 3552 potui,
738 3461 986 3557 quodscripststi
1001 3463 1127 3535 hisver-

174 3561 245 3634 bis:
262 3569 342 3635 Veni
352 3569 453 3659 igitur.
474 3589 509 3635 ru
520 3618 532 3650 ,
545 3571 599 3659 qui
613 3587 803 3657 antevertat,
816 3574 895 3642 verri.
908 3575 1060 3667 relinquis
1072 3599 1126 3664 pa·

176 3677 297 3749 niara?
312 3679 364 3746 An
376 3699 440 3773 ego
458 3675 705 3772 relinquebant,
732 3696 787 3751 aut
800 3678 864 3752 tibi
877 3697 949 3752 tum
966 3681 1124 3780 relinque·

61 3795 212 3994 ra
