2348 4238
300 207 304 216 ’
437 238 741 317 ararat
908 246 1146 347 ¹73,

94 397 262 500 prosequi
290 423 362 475 non
385 397 457 475 sum
481 398 611 496 pallus,
634 417 672 473 ut
693 398 774 474 esset
799 416 883 499 quae
909 402 1065 502 reliquias

97 509 293 585 communis
307 510 519 597 calamitatis,
530 534 728 583 communes
748 509 873 605 liberos
891 516 1065 587 tueretur?

96 623 162 695 Sed
183 639 322 710 tamen,
342 644 483 718 quoquo
508 620 616 693 modo
638 620 756 716 potui,
775 620 909 718 scripsi,
929 643 964 696 et
985 624 1065 721 dedi
1111 684 1112 689 ,
1145 636 1165 716 J

97 732 209 805 literas
236 732 282 803 ad
302 752 335 803 te
364 729 575 825 Philogono,
602 728 723 800 liberto
745 747 831 819 tuo,
850 753 932 828 quaa
957 735 1062 806 credo

100 837 302 938 tibi-postea
323 839 467 911 redditas
486 837 574 910 esse:
593 839 629 909 in
650 835 770 935 quibus
791 839 929 923 idemne
949 841 1069 916 hortor
1137 862 1139 867 '

98 968 132 1021 et
151 974 257 1049 rogo,
276 949 369 1046 quod
392 947 485 1045 pueri
505 947 691 1029 tibiverbis
708 947 791 1033 meis
808 949 1016 1037 nuntiarunt,
1029 976 1069 1027 ut

99 1062 248 1145 Romam
262 1060 414 1158 protinus
435 1082 552 1157 pergas
568 1077 603 1133 et
616 1083 788 1157 properes.
812 1059 958 1133 Primum
975 1064 1069 1139 enim

98 1185 132 1244 te
151 1168 321 1271 praesidio
342 1167 407 1241 esse
421 1166 535 1257 volui,
557 1166 590 1243 h,
603 1167 663 1264 qui
683 1165 784 1241 essent
801 1165 953 1255 inimici,
973 1196 1080 1268 quo·-

98 1305 174 1353 rum
198 1278 375 1355 crudelitas
396 1277 546 1350 nondum
568 1275 649 1349 esset
669 1273 781 1348 nostra
799 1276 984 1352 calamitate
1009 1279 1062 1351 sa·

96 1393 187 1467 tiata.
212 1391 346 1469 Deinde
363 1389 554 1488 congressus
578 1387 681 1491 nostri
702 1388 970 1463 lamentationem
988 1417 1067 1489 per·

96 1504 219 1589 timui:
238 1499 420 1600 digressum
445 1525 532 1573 vero
557 1523 628 1574 non
649 1497 792 1572 tulissem
806 1525 820 1569 -τ
845 1519 945 1598 atque
966 1501 1067 1575 etiam

98 1613 268 1710 idipsum,
291 1610 386 1709 quod
408 1627 444 1682 tu
464 1607 594 1698 scribis,
615 1609 826 1697 metuebam,
840 1633 980 1683 neame
999 1611 1069 1683 dis·

95 1716 191 1795 trahi·
203 1746 276 1795 non
293 1719 413 1817 posses.
452 1718 515 1795 His
534 1718 575 1813 de
589 1718 689 1793 causis
709 1717 776 1790 hoc
795 1718 978 1792 maximum
999 1745 1070 1794 ma·

99 1836 193 1925 lum,
216 1835 312 1932 quod
331 1851 366 1906 te
386 1855 458 1904 non
476 1827 565 1919 vidi,
587 1853 657 1926 quo
683 1827 767 1900 nihil
791 1830 1014 1909 amamiffimis
1034 1854 1070 1907 et

98 1939 374 2021 coniuntliffimis
397 1937 552 2012 fratribus
572 1936 723 2011 acerbius
745 1960 784 2008 ac
806 1935 955 2012 miserius
969 1939 1070 2015 vide·
1099 1963 1101 1968 ’

97 2067 151 2125 tur
175 2050 329 2123 accidere
349 2047 513 2146 potuisse,
532 2048 643 2119 minus
663 2044 847 2134 acerbum,
871 2045 980 2119 minus
999 2049 1067 2120 mi-

99 2159 211 2233 serum
224 2158 309 2249 fuit,
328 2182 429 2256 quam
448 2156 556 2241 fuisset
577 2174 653 2231 cum
665 2157 873 2254 congressio,
891 2175 962 2231 tum
976 2183 1072 2233 vero.

97 2267 255 2366 digreffio
267 2263 386 2339 nostra.
398 2268 497 2339 Nunc
506 2319 518 2356 ,
528 2268 552 2338 fi
564 2282 673 2364 potes,
682 2265 718 2339 id
730 2267 823 2365 quod
831 2292 907 2364 ego,
920 2266 979 2366 qui
994 2265 1065 2341 for·

97 2378 210 2453 tistibi
220 2377 347 2481 semper
362 2378 516 2467 videbar,
531 2402 600 2448 non
612 2377 759 2472 polium,
770 2366 923 2474 erigere,
938 2397 973 2451 et
982 2404 1068 2453 con·
1161 2394 1164 2401 '

97 2485 215 2575 firma,
227 2487 329 2584 siqua
345 2486 509 2559 subeunda
522 2485 691 2557 dimicatio
706 2486 778 2559 erit.
808 2488 931 2582 Spero,
945 2487 1066 2585 siquid
1136 2526 1138 2530 ·

97 2620 171 2683 mea¹
183 2594 260 2695 spes
268 2595 367 2673 haber
378 2595 602 2686 audioritatis,
616 2594 677 2666 ribi
687 2614 719 2668 et
732 2595 950 2693 integritatem
963 2614 1069 2691 tuam,

96 2724 131 2779 et
149 2727 305 2801 amorem
327 2704 363 2775 in
384 2723 418 2778 te
436 2704 602 2790 civitatis,
621 2724 655 2777 et
674 2705 796 2804 aliquid
818 2706 918 2782 etiam
939 2707 1069 2781 miseri·
1098 2780 1102 2789 ,

98 2812 251 2887 cordiam
273 2809 397 2904 nostri,
410 2811 720 2908 praefidiilaturam.
738 2815 785 2887 sin
798 2815 861 2889 eris
874 2817 916 2888 ab
932 2815 996 2891 isto
1010 2843 1069 2914 pe·

98 2921 206 2995 riculo
219 2945 365 3007 vacuus3
381 2945 459 3018 ages
471 2920 614 3014 scilicet,
634 2922 753 3020 fiquid
766 2925 819 3020 agi
837 2925 928 3021 polle
946 2929 988 2999 de
998 2953 1070 3007 ,no-

98 3031 146 3107 bis
156 3033 300 3131 putabis.
311 3033 352 3105 de
365 3046 436 3131 quo
447 3032 593 3107 scribunt
607 3035 650 3106 ad
661 3060 715 3107 me
727 3034 859 3132 quiden'r
872 3036 966 3109 multi
979 3039 1069 3111 mul·
1120 3024 1124 3030 ’

99 3156 149 3231 ta,
161 3157 195 3214 et
207 3139 242 3213 se
254 3138 383 3236 sperare
402 3131 650 3215 demonstrant:
666 3142 720 3216 sed
732 3167 821 3239 ego,
835 3141 918 3240 quid
928 3143 1069 3241 sperem,

100 3274 168 3323 non
186 3248 350 3345 dispicio,
364 3274 443 3322 curn
464 3249 591 3323 inimici
609 3251 790 3347 plurimum
805 3251 1069 3342 valeant,amici

100 3360 218 3454 partim
231 3359 434 3451 deseruerint
445 3385 512 3448 me,
525 3363 644 3457 partim
661 3363 759 3437 etiam
773 3364 995 3461 prodiderint:
1008 3365 1068 3463 qui
1122 3358 1124 3363 ¹
1163 3362 1165 3367 ’

101 3466 132 3540 in
153 3492 235 3542 meo
255 3468 363 3541 reditu
387 3467 518 3543 sortasse
551 3471 837 3567 reprehensionem
865 3471 912 3544 sui
941 3472 1068 3549 sceleris

102 3579 339 3672 pertimescant.
350 3579 414 3652 Sed
428 3580 485 3653 ista
500 3582 702 3679 qualiafint,
715 3607 751 3654 tu
758 3582 860 3654 velim
875 3584 1069 3681 perspicias,

100 3691 247 3791 mihique
265 3690 422 3769 declares.
443 3696 515 3792 Ego
529 3713 638 3773 tamen
653 3744 665 3786 ,
680 3694 839 3794 quamdiu
857 3692 918 3792 tibi
935 3719 1020 3796 opus
1032 3721 1069 3781 e·¹
