2348 4238
445 146 675 311 ,tuscan
722 215 776 291 ru
1003 164 1083 289 181.
1164 220 1167 225 ·

100 380 255 467 cidisl'et3
281 380 326 457 tic
347 400 394 473 tu,
411 380 497 473 mibi
513 379 645 475 'videris
666 380 702 452 in
724 375 872 452 Sardinia
895 377 937 479 de
959 375 1073 451 sorma

101 491 316 578 blinuciana,
339 507 374 565 et
396 490 438 563 de
457 490 648 564 nominibus
676 488 914 586 Pomponianis
935 488 971 561 in
996 489 1072 574 otio

100 603 312 700 recogitaffe.
332 600 397 674 Sed
411 626 475 701 ego
493 592 600 675 adhuc
613 600 680 675 emi.
694 598 788 673 nihil.
808 600 980 674 Culleonis
994 626 1072 676 auc·

94 713 149 807 ,tio
172 713 259 786 faeta
277 713 345 803 eli.
356 712 546 787 Tusculano
574 729 684 784 emtor
703 735 805 799 nemo
825 709 935 784 fuitfi
952 712 1073 785 condi-

93 823 155 901 tio
173 824 278 915 ualde
304 822 396 897 bona
421 820 542 911 suerit,
564 819 699 895 fortasse
722 845 792 893 non
813 821 977 893 omittam.
1015 824 1072 898 De

76 1030 78 1034 Ι
105 933 342 1006 aedificatione
372 954 430 1006 tua
453 932 588 1031 Cyrum
619 954 735 1030 urgete
757 955 827 1002 non
850 930 950 1005 cesso.
973 929 1072 1028 spero

102 1067 180 1116 eum
199 1043 236 1114 in
248 1041 364 1118 officio
382 1039 468 1115 sore.
482 1040 537 1113 sed
552 1039 667 1112 omnia
686 1037 759 1111 sunt
776 1038 944 1127 tardiora,
966 1066 1072 1138 prop·

102 1173 152 1226 ter
172 1153 318 1226 furiosae
339 1150 512 1225 aedilitatis
535 1147 825 1247 exspectationem.
849 1151 937 1222 Nam
960 1152 1073 1255 corni·

105 1260 147 1332 tia
174 1258 241 1333 line
264 1284 360 1333 mora
381 1259 492 1333 sutura
512 1258 679 1356 videntur.
706 1257 810 1330 edisla
833 1257 958 1331 sunta.
980 1261 1012 1333 d.
1031 1282 1071 1351 xt

103 1370 181 1443 Kal.
198 1371 292 1444 Febr.
316 1372 368 1444 Te
390 1390 501 1444 tamen
522 1364 776 1443 sollicitum-else
792 1369 883 1442 nolo.
898 1394 1000 1442 omne
1013 1398 1072 1470 ge-

101 1504 162 1575 nus
181 1478 312 1553 anobis
330 1478 495 1561 cautionis
508 1477 731 1567 adhibebitur.
759 1479 906 1577 Detege
922 1481 1070 1556 Alexan·

104 1588 206 1662 drino
221 1586 345 1663 fabium
363 1588 411 1663 est
431 1586 773 1687 senatusconsultum,
788 1583 867 1664 cuni
888 1589 1074 1665 multitudi-

105 1721 146 1769 ne
161 1722 240 1769 eum
255 1696 627 1797 reduci„periculosum
646 1695 847 1794 reipublicae
864 1698 981 1772 videri.
1002 1702 1072 1777 Re-

101 1804 196 1903 liqua
215 1830 293 1878 cum
308 1807 388 1882 esset
406 1809 443 1881 in
461 1808 574 1881 senatu
595 1807 789 1899 contentio,
813 1809 1013 1888 Lentulusne
1026 1836 1070 1888 an

100 1917 284 2013 Pompeius
306 1917 499 2008 reduceret;
515 1920 671 2000 ,obtinere
689 1919 818 1992 causam
842 1922 999 1996 Lentulus
1016 1924 1069 1999 vi·

103 2026 255 2108 debatur.
280 2028 318 2099 ln
338 2050 378 2100 ea
395 2053 431 2101 re
444 2052 513 2103 ,nos
527 2046 561 2101 et
575 2027 690 2102 officio
708 2053 787 2127 erga
808 2029 983 2102 Lentulum
1002 2033 1069 2107 mi·
1168 2032 1171 2037 ’

102 2134 220 2224 rifice,
240 2154 273 2209 et
294 2134 460 2214 voluntari
484 2138 638 2235 Pompeii
660 2138 829 2235 praeclare
849 2138 1071 2220 satisfecimus.
1148 2134 1151 2139 ’

103 2243 160 2318 sed
182 2271 242 2345 pet
263 2246 502 2322 obtredlatores
524 2248 655 2322 Lentuli
672 2273 724 2322 res
744 2246 906 2322 calumnia
923 2255 1069 2327 extracta

100 2353 157 2429 en
185 2355 368 2453 Consecuti
390 2357 463 2431 sunt
479 2348 548 2432 dies
569 2359 775 2447 comitiales,
798 2385 858 2454 per
876 2385 963 2458 quos
976 2363 1070 2437 sena·

101 2484 154 2541 tus
179 2467 294 2541 baberi
316 2495 385 2549 non
403 2489 546 2568 poterat.
578 2471 673 2565 Quid
695 2471 847 2544 futurum
872 2473 910 2547 stt
930 2475 1069 2553 latroci-

101 2580 162 2653 nio
182 2579 417 2687 tribunorum,
441 2566 512 2655 nori
531 2580 674 2656 divino:
690 2582 747 2656 sed
767 2604 878 2657 tamen
894 2579 1070 2684 suspicor,

101 2714 166 2787 per
180 2689 253 2761 vim
267 2691 490 2788 rogationem,
500 2690 680 2765 Caninium
699 2693 914 2789 perlaturum.
932 2700 969 2768 In
981 2723 1019 2771 ea
1031 2727 1071 2775 re

102 2797 286 2895 Pompeius
306 2799 389 2900 qnid
404 2801 506 2889 velit,
523 2826 594 2876 uon
616 2801 769 2900 dispicio.
796 2804 984 2879 Familiares
999 2808 1073 2883 eius
1114 2862 1118 2871 ‚
1164 2813 1169 2820 ’

101 2905 186 3006 quid
204 2905 361 3004 cupiant,
377 2902 631 2985 omnesvident.
649 2911 842 2984 Creditores
860 2937 945 2987 vero
963 2917 1069 3013 regis,

100 3033 216 3112 aperte
237 3017 391 3114 pecunias
413 3017 620 3117 suppeditant
643 3039 759 3095 contra
780 3021 968 3119 Lentulum.
990 3028 1072 3105 Sine
1110 3018 1113 3023 ’

102 3125 211 3199 dubio
229 3150 281 3199 tes
296 3151 314 3197 a
328 3130 470 3202 Lentulo
488 3149 618 3203 remota
633 3130 768 3206 videtur
788 3131 874 3222 effe,
886 3158 962 3207 cum
977 3136 1070 3238 mag-

101 3259 151 3308 no
171 3259 255 3343 meo
275 3223 414 3326 dolore;
434 3266 643 3339 quamquam,
659 3243 763 3316 multa
780 3245 891 3337 -fecit,
904 3251 1072 3347 quare,.st
1142 3278 1145 3283 ⁴

100 3342 148 3417 sas
167 3342 268 3433 esset,
287 3345 360 3419 iure
374 3348 406 3420 ei
422 3347 611 3426 succensere
628 3351 807 3449 poliemus.
827 3357 1000 3449 Tu,s1ita
1015 3386 1075 3433 ex·

101 3456 218 3554 pedit,
235 3457 338 3547 velim
353 3464 611 3560 quamprimum
630 3467 719 3539 bona
731 3485 766 3567 et
778 3491 869 3544 certa
880 3452 1079 3572 tempestate·

99 3568 331 3659 conscendas,
351 3571 393 3643 ad
416 3599 538 3671 meque
559 3576 686 3651 venias.
701 3577 958 3658 innumerabiles
979 3588 1072 3660 enim

100 3705 161 3758 tes
181 3680 277 3773 sunt,
295 3682 332 3757 in
354 3684 518 3786 quibuste
534 3689 686 3789 quotidie
702 3690 740 3765 in
760 3692 856 3864 ouini
875 3719 997 3794 genere
1016 3698 1072 3775 de·
