2348 4238
159 66 236 211 ¹172
267 192 270 198 ,
308 110 628 187 aruroatnuu
653 108 721 184 tt>
745 110 1027 209 ornament

163 277 275 372 Atque
295 276 420 348 utinam
440 298 495 347 me
515 291 685 367 mortuum
703 273 794 371 prius
815 272 974 362 vidiffes,
993 280 1051 345 aut‘
1065 278 1117 345 att-⁸

164 381 283 454 disses!
302 382 429 461 utinam
454 398 487 453 te
504 405 574 452 non
596 382 702 455 solum
728 381 836 470 vitae,
855 379 910 452 sed
936 380 1041 453 etiam
1055 378 1117 477 dig·
1165 418 1172 431 ·

159 492 269 566 nitatis
280 516 373 564 meae
390 490 594 588 superstitem
607 491 827 590 reliquissem!
842 493 906 564 Sed
921 492 1029 565 testor
1047 514 1116 563 om·
1165 503 1172 543 ³

159 624 221 672 nex
240 601 339 689 deos,
363 623 416 673 me
438 600 500 674 hac
522 620 590 672 una
613 624 735 674 vocea
755 620 867 676 morte
891 600 961 687 effe
984 622 1117 672 revoca·

158 728 253 803 urm,
266 714 361 809 quod
373 736 491 785 omnes
512 712 547 783 in
561 736 635 783 mea
648 713 717 785 vita
738 730 867 807 partem
890 710 1040 808 aliquam
1053 726 1117 781 tuae
1159 736 1162 741 ·

159 823 249 894 vitae
266 816 443 917 repositam
463 820 529 893 esse
547 821 712 893 dicebant.
739 823 852 914 Quare
876 819 1037 917 peccavi,
1059 816 1118 889 sce·

158 929 326 1031 lenteque
344 929 420 1002 feci.
439 928 555 1002 namsr
581 927 789 1018 cecidissem,
813 953 906 1002 more
925 928 998 1026 ipsa
1019 950 1136 1007 meam:
1155 926 1172 961 '⁴

160 1037 319 1136 pietatem
343 1063 561 1141 amoremque
584 1040 619 1110 in
640 1056 673 1110 te
696 1036 793 1110 facile
812 1038 1016 1110 defenderet.
1039 1058 1120 1109 nunc

160 1146 336 1237 commisi,
357 1167 394 1221 ut
414 1148 499 1223 vivo
519 1175 573 1222 me
591 1172 737 1238 careres,
760 1147 846 1223 vivo
869 1172 924 1221 me
945 1148 1022 1221 aliia
1039 1147 1119 1219 indi·
1157 1174 1172 1202 ·

160 1254 256 1357 geres
272 1285 282 1329 ε
296 1244 371 1330 mea
392 1272 465 1332 vo‘rt
483 1259 517 1331 in
536 1257 725 1353 domesticis
741 1258 897 1356 periculis
919 1256 1119 1356 potislimum
1158 1296 1172 1317 ·

160 1363 351 1453 occideret,
375 1390 459 1462 quae
482 1365 576 1463 saepe
598 1364 795 1437 alienissimis
819 1364 985 1463 praefidio
1007 1362 1139 1445 fuisset.¹

160 1476 248 1546 Nam
264 1476 417 1571 quod-ad
437 1494 471 1550 te
493 1478 590 1575 pueri
612 1477 680 1551 fine
698 1476 801 1549 literis
819 1491 1013 1575 venerunt,
1039 1498 1121 1573 quo·
1160 1494 1172 1537 =

160 1585 252 1655 niam
270 1585 366 1659 vides
390 1611 460 1660 non
479 1588 573 1661 fuisse
595 1586 783 1660 iracundiae
805 1587 918 1675 causa,
937 1596 1032 1660 cer'te
1054 1584 1121 1683 pig·

134 1768 138 1774 ,
161 1694 237 1766 ritia
251 1694 331 1784 suit,
344 1714 378 1769 et
389 1699 552 1795 quaedam
565 1696 692 1770 infinita
707 1696 760 1769 vis
776 1695 1005 1796 lacrymarum
1019 1719 1054 1771 et
1065 1698 1124 1770 do·
1161 1726 1172 1758 ι

159 1805 284 1889 lorum.
310 1808 402 1879 Haec
415 1807 483 1904 ipsa
499 1831 554 1879 me
575 1831 646 1905 quo
659 1806 741 1880 fletu
755 1830 851 1904 putas
865 1806 1051 1904 scripsisse?
1072 1830 1123 1880 eo·
1162 1822 1172 1865 ἱ

160 1916 262 2005 dem,
285 1942 356 2014 quo
386 1936 419 1990 te
445 1918 556 2016 legere
580 1935 674 1990 certo
698 1917 778 1991 scio.
821 1923 970 2015 rin-ego
996 1916 1123 2014 posiutu
1162 1926 1172 1975 Ξ

160 2045 217 2123 eut
241 2029 390 2125 cogitare
410 2029 590 2127 aliquando
613 2030 655 2101 de
672 2049 724 2119 re,
745 2053 802 2104 aut
821 2053 969 2127 unquam
992 2028 1064 2103 sine
1077 2030 1124 2111 la·
1163 2032 1172 2083 2

161 2139 291 2235 crymis
312 2135 492 2234 cogitare?
519 2139 608 2209 Cum
632 2137 722 2210 enim
745 2157 779 2211 te
801 2138 1124 2229 desidero„fratrem
1164 2148 1172 2189 ἵ

160 2248 268 2320 solum
287 2246 463 2318 desidero?
492 2250 565 2346 Ego
585 2271 672 2320 vero
683 2247 840 2321 suavitate
854 2248 1009 2340 fratrem,
1024 2271 1125 2346 prope
1168 2262 1172 2301 ἱ

160 2355 348 2452 aequalem,
365 2356 529 2453 obsequio
542 2355 669 2445 filium,
683 2358 823 2430 consilio
835 2376 1017 2454 parentem.
1037 2356 1125 2453 Quid
1161 2344 1172 2405 '³

123 2497 125 2502 ·
160 2469 241 2540 milri
262 2468 329 2541 fine
354 2484 388 2539 te
412 2494 579 2566 unquam,
607 2487 663 2542 aut
685 2470 746 2543 tibi
775 2471 841 2544 stne
863 2496 917 2544 me
943 2472 1125 2544 iucundum

159 2576 250 2651 sitit?
282 2576 393 2669 Quid,
406 2578 500 2674 quo'd
515 2581 636 2675 eodem
659 2600 812 2678 tempore
830 2581 980 2654 desidero
1003 2581 1124 2691 filiam?
1164 2588 1172 2683 1'

159 2712 226 2786 qua
243 2688 386 2786 pietate,
405 2714 469 2786 qua
489 2690 674 2779 modestia,
699 2715 770 2787 quo
791 2690 958 2788 ingenio?
984 2692 1125 2789 effigiem
1164 2704 1169 2759 ἑ

159 2802 679 2891 0r1s‚senn0ns‚anmtmett
706 2782 800 2896 Q'ua
821 2802 924 2875 etrum
942 2803 1125 2877 venutttu-
1164 2778 1172 2897 l

158 2938 276 3000 mum,
302 2911 448 3009 mihique
471 2910 724 2984 dulcislimuml
755 2937 855 3008 quem
879 2935 944 3008 ego
968 2910 1064 2985 ferus
1087 2936 1125 2985 ac

158 3022 282 3092 ferreus
301 3046 320 3091 e
337 3021 517 3115 complexu
533 3021 639 3093 dimisi
663 3046 764 3105 meo,
783 3020 1021 3117 sapientiorem
1044 3045 1126 3118 pue·

157 3155 234 3202 rum
252 3155 353 3224 quam
371 3129 507 3202 vellem.
530 3128 690 3203 sentiebat
706 3129 796 3202 enim
818 3129 916 3201 miser
937 3130 1026 3220 iam,
1048 3129 1127 3227 quid

158 3257 319 3335 ageretur.
348 3239 440 3330 Quid
463 3264 548 3312 vero
568 3259 663 3310 tuum
684 3238 816 3311 silium?
843 3239 925 3336 quid
946 3239 1127 3338 imaginem

139 3356 272 3432 'tuam,
296 3375 395 3446 quam
419 3373 513 3420 meus
537 3349 660 3421 Cicero
684 3365 719 3420 et
737 3349 886 3435 amabat,
907 3366 944 3419 ut
971 3346 1128 3439 fiatrem,

160 3484 196 3531 et
210 3461 293 3544 iam,
309 3477 346 3530 ut
359 3460 526 3529 maiorem
538 3456 672 3531 fratrem
684 3512 694 3544 ,
708 3460 907 3531 verebatur?
929 3458 1025 3551 Quid
1038 3459 1129 3556 quod

159 3567 334 3652 mulierem
357 3567 595 3658 miserrimam,
616 3565 834 3641 fidelissimam
856 3565 1057 3665 coniugem,
1076 3590 1129 3640 me
