2348 4238
193 280 334 349 ο..
437 205 740 280 trun-uu.
998 208 1061 286 ιιι
1144 301 1146 306 ,

99 385 192 439 nunc
206 389 311 456 vero,
328 389 467 465 propter
478 393 592 441 earum
605 394 740 461 rerum,
762 368 929 467 inquibus
941 367 1066 447 uersari

99 474 232 566 sumus,
247 475 458 575 splendorem
470 496 503 552 et
519 481 877 578 magnitudinem„‚nifi
903 483 1065 559 summam

99 584 236 659 laudem
254 610 297 681 eu
314 576 374 659 ista
396 588 570 683 provincia
589 589 810 689 assequimur,
832 593 891 665 vix
908 592 1067 666 videmur
1149 689 1152 695 Ι

100 695 266 770 summam
285 697 561 795 vituperationem
575 700 668 797 posse
681 702 796 776 vitare.
824 707 870 775 Ea
888 702 999 777 nostra
1012 726 1069 777 ra·
1160 756 1163 761 -

102 802 154 877 tio
169 803 239 896 est,
262 823 298 878 ut
318 831 435 882 omnes
461 806 635 881 bonicum
659 807 815 900 faveant,
834 828 907 884 tum
928 812 1067 886 etiamn
1110 898 1113 905 Ι

100 914 204 989 nobis
218 939 356 987 omnem
367 915 572 1013 ,diligentiam
586 916 813 1015 virtutemque
830 943 863 995 et
877 920 1062 1017 postulent,
1072 974 1093 1002 -,

100 1023 362 1122 etexspedentr
381 1046 623 1100 omnesautem
640 1027 787 1124 improbi
801 1027 912 1154 (quod
929 1056 1006 1104 cum
1020 1034 1069 1105 iir-
1112 1080 1116 1087 -
1164 1028 1169 1039 ’

101 1133 229 1207 bellum
250 1135 449 1231 suscepimus
472 1134 740 1234 sempiternum)
741 1139 805 1211 vel
828 1140 1010 1219 minimare
1024 1140 1067 1215 ad

101 1244 411 1342 reprehendendum
425 1243 834 1319 contentiessevideantur.
849 1249 962 1339 Quare
977 1277 1066 1346 quo·

101 1353 195 1425 niam
212 1352 377 1425 eiusruodi
388 1353 550 1426 theatrum
568 1354 615 1426 est
629 1353 731 1439 torius
753 1354 865 1445 Asiae,
879 1351 1068 1434 celebritate

101 1462 368 1555 refertissimum,
404 1467 631 1564 magnitudine
658 1407 916 1564 ampliffimuin,
937 1469 1067 1542 iudicio
1125 1510 1131 1525 ·

101 1573 379 1664 eruditissimum,
393 1594 509 1647 natura
521 1594 631 1649 autem
652 1575 697 1651 ita
710 1579 889 1664 resonans,
910 1595 946 1649 ut
960 1601 1067 1675 usque

103 1686 253 1759 Romam
266 1681 521 1782 significationes
534 1710 704 1784 vocesque
713 1685 912 1783 reserantur,
920 1703 1068 1761 conten·
1069 1722 1077 1735 ·

97 1797 173 1903 de,
189 1797 310 1896 quaeso
319 1849 331 1883 ,
350 1813 449 1894 atque
464 1797 619 1887 elabora,
632 1822 711 1873 non
724 1799 832 1875 modo
847 1818 883 1871 ur
900 1799 951 1870 his
969 1798 1067 1873 rebus

104 1906 227 2006 dignus
241 1905 350 1995 suiffe,
371 1905 532 1981 sedetiam
545 1924 584 1979 ut
596 1907 652 1989 illa
665 1907 778 1979 omnia
792 1908 857 1979 tuis
871 1908 996 1983 artibus
1011 1907 1108 1988 suu:

102 2014 232 2115 perasse
247 2015 392 2095 videare.
419 2016 462 2089 Et
473 2016 632 2113 quoniam
648 2015 730 2089 mihi
753 2015 842 2091 casus
857 2016 1039 2089 urbanam
1029 2042 1065 2091 ιιι
1087 2047 1128 2127 ¹5

103 2124 346 2227 magistratibus
357 2124 674 2201 administrationem
688 2127 898 2224 reipublicae,
911 2128 972 2202 tibi
985 2140 1089 2231 proi„

103 2234 282 2315 vincialem
301 2236 416 2325 dedit,
435 2260 469 2309 et
485 2237 509 2309 fi
524 2262 596 2309 mea
610 2262 686 2336 pars
709 2239 834 2312 nemini
860 2239 1096 2333 cedit,.fac,:,

103 2366 141 2425 ut
158 2367 357 2421 tuaceteros
369 2346 491 2421 vincat.
512 2347 615 2420 Simul
627 2366 660 2420 et
673 2346 755 2437 illud
772 2349 903 2447 cogita,
923 2374 1073 2425 nosnon-

103 2459 147 2535 de
160 2457 289 2555 reliqua
302 2473 335 2529 et
346 2453 475 2552 sperata
487 2457 614 2555 gloria
605 2482 672 2529 ram
689 2457 862 2547 laborare,
877 2458 933 2531 sed
945 2459 986 2532 de
996 2485 1067 2557 par

103 2589 138 2644 ra
152 2569 324 2644 dimicare.
346 2592 430 2667 quae
447 2566 583 2666 quidem
595 2590 665 2638 non
682 2584 748 2638 tam
763 2566 946 2673 expetenda
968 2568 1067 2657 nobis

102 2665 192 2767 suit,
214 2702 314 2774 quam
334 2673 466 2749 tuenda
480 2673 537 2749 est
563 2678 614 2747 Ac
639 2672 762 2747 srmihi
781 2656 964 2774 quidquam
988 2674 1068 2749 effer

101 2789 210 2863 abste
223 2785 426 2884 separatum,
447 2784 530 2857 nihil
543 2784 682 2882 amplius
695 2784 910 2859 desiderarem
925 2785 990 2861 hoc
1005 2784 1066 2859 sta
1077 2825 1081 2833 ·
1140 2783 1166 2872 J

102 2921 144 2976 tu
156 2952 169 2984 ,
183 2924 250 2997 -qur
240 2895 374 2969 mihi
365 2920 431 2969 ram
449 2912 558 2991 partus
571 2893 628 2967 est.
652 2919 739 2967 nunc
762 2919 847 2967 vero
863 2920 915 2968 res
935 2895 980 2968 stc
999 2894 1066 2969 sese

102 3006 228 3094 habet,
253 3023 310 3093 ut,
334 3001 393 3074 nifi
406 3001 521 3074 omnia
539 3021 594 3073 tua
615 3000 698 3073 sada
713 3017 812 3097 atque
830 3001 918 3073 diua
942 2999 1064 3076 nostris

103 3115 203 3189 rebus
219 3108 321 3185 ,istinc
345 3110 585 3208 respondeant,
601 3135 665 3210 ego
686 3096 740 3183 me
761 3110 843 3189 meis
859 3110 959 3185 tantis¹
971 3112 1067 3197 labo·

103 3212 199 3303 ribus
207 3272 224 3317 ,·
238 3224 401 3321 tantisque
413 3221 585 3319 periculis,
603 3246 748 3319 quorum
761 3238 800 3293 tu
812 3221 964 3293 omnium
986 3247 1066 3318 par-

102 3338 211 3433 ticeps
234 3331 343 3423 suissi,
371 3329 449 3404 nihil
476 3330 690 3406 consecutum
714 3347 839 3426 putem.
866 3330 972 3420 Quod
990 3329 1014 3401 fi
1029 3347 1067 3403 ut

103 3440 338 3540 amplissimum
360 3463 486 3514 nomen
508 3439 800 3536 consequeremur,
825 3460 908 3508 unus
937 3454 1066 3533 praeter

101 3575 236 3631 ceteros
256 3548 432 3638 adiuvisti3
465 3567 555 3624 certe
583 3546 697 3638 idem,
720 3547 756 3618 ut
785 3543 820 3616 id
838 3543 1062 3637 retineamus,

102 3677 238 3765 praeter
251 3675 379 3758 ceteros
392 3654 585 3729 elaborabit.
598 3677 670 3731 non
683 3651 803 3728 esttibi
817 3648 868 3725 his
884 3651 959 3730 solis
972 3673 1064 3732 uren·

154 3758 246 3833 cicer.
264 3754 356 3850 Opes.
378 3758 449 3833 Vol.
468 3752 538 3830 IX.
818 3748 847 3821 Ι.
