2362 4238
314 228 791 307 nnunuuuu.
965 260 1036 335 2„
1144 171 1148 191 θ

267 397 318 468 M.
341 397 386 468 τ.
408 395 452 465 c.
489 396 774 473 nauum
806 397 842 472 a

79 565 266 630 omvianum
284 571 393 647 laudat,
413 573 444 633 &
461 573 590 634 laetitiam
604 566 741 635 Romaee
759 574 872 636 visioria
887 575 1043 639 Consulum

115 663 147 723 &
165 661 206 723 D.
227 663 302 724 Bruti
315 682 405 725 ortam
425 682 644 728 commemorat:
662 666 867 728 Liberalitatem
882 671 939 729 eius
953 672 981 728 in
999 668 1045 730 se·

85 822 88 833 Ι
115 755 225 816 ditionis
242 756 395 819 amoribus
416 760 575 841 reprehendi
592 760 721 832 Romae,
739 761 771 822 ὅ(
787 784 883 823 omnes
901 763 1045 825 Antonia-

97 875 99 881 ·
113 871 168 912 nos
181 851 274 918 hostes
286 854 418 929 iudicum
439 853 497 918 esse
511 853 611 941 seribir.
640 856 727 916 Anno
745 855 785 917 U.
799 854 834 918 C.
854 877 928 936 710.

80 1093 110 1166 3·
128 973 399 1151 NOSTRAE
408 1100 461 1148 res
468 1072 606 1148 meliore
619 1074 698 1148 loco
710 1072 918 1147 videbantur.
931 1073 1043 1168 Scrip-

80 1201 109 1254 ta
122 1182 213 1256 enim
232 1185 274 1256 ad
288 1208 321 1258 te
337 1203 431 1258 certo
448 1185 537 1276 scio,
548 1209 637 1284 quae
650 1183 737 1282 gesta
758 1185 841 1257 sunt.
854 1184 965 1281 quales
979 1183 1043 1255 tibi

80 1291 174 1390 saepe
186 1291 297 1391 scripsi
317 1296 480 1385 consules,
492 1294 783 1369 talesexstiterunt.
797 1294 944 1364 Caesaris
957 1317 1047 1365 vero
1094 1296 1098 1301 ’

82 1404 172 1498 pueri
182 1402 321 1477 mirifica
333 1405 462 1479 indoles
475 1406 619 1481 virtutis.
632 1405 770 1478 Utinam
781 1421 848 1477 ram
860 1403 953 1477 facile
962 1430 1043 1477 eum

82 1510 258 1593 florentem
279 1533 312 1588 er
330 1515 533 1606 honoribus,
546 1533 580 1588 et
599 1514 702 1613 gratia
714 1563 727 1599 ‚
740 1537 853 1612 regere
872 1539 911 1586 ae
930 1533 1050 1586 tenere·

82 1624 258 1718 poflimus,
273 1653 373 1724 quarn
393 1627 491 1702 saciie
505 1629 613 1700 adhuc
625 1614 815 1701 tenuimusi
828 1625 884 1698 Est
900 1626 1048 1698 omnino

82 1731 159 1808 iilud
173 1735 338 1810 difficilius
350 1762 362 1823 ;
377 1736 433 1809 sed
446 1755 556 1811 tamen
570 1760 640 1807 non
652 1735 839 1807 diffidimus.
852 1733 1048 1808 Persuasum

81 1841 124 1915 est
135 1844 227 1918 enim
240 1845 463 1936 adolescenti,
481 1862 514 1919 et
527 1845 672 1944 maxime
687 1854 747 1939 per
764 1868 839 1931 me,
851 1843 926 1914 eius
937 1867 1049 1939 opera,
1112 1927 1115 1932 1

81 1975 141 2025 nos
158 1952 223 2025 effe
246 1952 364 2028 salven
389 1974 422 2027 et
435 1971 551 2047 eene,
565 1952 624 2024 nisi
646 1952 674 2025 is
700 1950 883 2023 Antonium
899 1953 940 2022 ab
962 1954 1050 2024 urbe

81 2063 445 2160 aveniffee‚periiffent
458 2062 907 2148 omniaaTriduoveromut
920 2061 1050 2157 quatri-

81 2170 149 2243 duo
167 2194 244 2245 ante
258 2173 343 2245 hanc
365 2199 436 2245 rem
461 2171 717 2269 pulcherrimam
729 2223 741 2257 ,
753 2171 875 2242 timore
895 2170 1050 2267 quodam

81 2280 223 2375 permulsa
244 2281 362 2355 civitas
382 2300 454 2354 tota
470 2282 517 2363 ad¹
529 2297 563 2352 te
585 2281 619 2356 se
640 2306 717 2354 cum
743 2278 941 2376 coniugibus
951 2297 985 2351 et
1008 2278 1048 2350 li·

81 2387 169 2477 beris
186 2390 385 2466 effundebat.
402 2391 538 2481 eadem,
550 2408 694 2464 recreata
716 2391 798 2463 ad.
820 2411 874 2461 xla
901 2389 1049 2462 Kalend.

81 2500 204 2591 MaiaS,
216 2521 250 2574 te
268 2502 335 2575 huc
352 2502 500 2588 venire,
522 2525 622 2600 quam
649 2500 683 2573 se
703 2501 746 2573 ad
773 2518 806 2571 te
827 2500 875 2571 ire
893 2500 1047 2572 malebata

82 2613 162 2706 Quo
175 2615 311 2712 quidem
330 2615 383 2686 die
404 2629 604 2712 magnonem
623 2638 777 2687 meonrm
794 2607 950 2713 laborum
957 2614 1049 2688 mus

82 2738 256 2821 earumque
269 2722 459 2825 vigiliarum
470 2724 615 2796 nussum
631 2723 704 2821 cepi
717 2722 917 2809 maximum,
930 2721 956 2794 fi
968 2749 1046 2796 mo·

82 2829 126 2902 do
140 2830 188 2904 est
205 2831 322 2929 diquis
342 2832 463 2906 fruens
485 2858 526 2905 ex
545 2830 651 2907 solida
667 2831 943 2930 veraque-gioria.
955 2833 1046 2906 Nam

82 2955 191 3020 tantae
204 2940 442 3027 multitudinis,
454 2964 613 3038 quantum
631 2942 719 3037 capit
732 2941 809 3012 urbs
820 2938 949 3043 nostra,
962 2965 1052 3012 con—

82 3051 193 3125 cursus
209 3051 257 3125 est
273 3051 314 3133 ad
326 3076 380 3124 me
393 3051 508 3124 fanus.
528 3050 569 3123 ab
586 3075 625 3123 ea
639 3076 716 3123 eum
729 3048 882 3148 usquein
901 3048 1047 3145 Capito·
1168 3104 1174 3116 .

83 3158 163 3231 lium
177 3160 356 3250 dedusiru,
369 3159 519 3230 maximo
534 3157 678 3230 clamore
691 3176 793 3254 atque
802 3157 919 3254 plausu
929 3159 964 3230 in
981 3184 1042 3232 ro·
1099 3207 1106 3257 ·.
1159 3194 1161 3198 ·

87 3264 595 3343 striscollocamssum.Ninilest
608 3256 1048 3365 inmeinane31iequ'esenim
1096 3314 1127 3351 μ

90 3374 205 3452 debet:
221 3375 276 3449 sed
297 3375 573 3451 tarnenornnium
588 3375 746 3448 ordinum
765 3374 958 3465 consensus,
971 3402 1047 3474 gra-

92 3479 200 3555 tiarum
213 3486 312 3573 asim,
325 3483 564 3584 gramlatioque
573 3509 626 3560 me
636 3504 853 3570 commovet3
867 3504 1048 3582 propterea

96 3593 179 3688 quod
197 3568 394 3690 popularem
417 3617 472 3664 me
489 3592 556 3665 esse
570 3595 606 3664 in
626 3595 742 3689 populi
763 3595 881 3680 salure,
896 3582 1050 3691 praecsa-
1071 3632 1074 3640 =

98 3719 161 3772 rum
172 3700 228 3776 est.
247 3701 315 3776 Sed·
326 3702 409 3777 lucc
426 3717 459 3775 te
475 3702 565 3775 malo
587 3702 631 3776 ah
641 3704 724 3777 aliis.
740 3727 794 3776 me
809 3703 912 3782 velim
925 3704 968 3778 de
979 3707 1052 3780 tuis.
