2348 4238
237 266 242 275 ·
366 207 910 323 ‘ntueurrum
996 248 1065 348 115

98 562 133 613 ι.
150 439 338 616 ANTE
351 530 440 609 diem
457 556 497 610 vr
513 535 564 607 ld.
582 533 708 608 Oslob
718 526 851 606 Salvius
862 524 993 611 Ostiam
1007 555 1068 610 ve·

95 647 188 745 speri
200 643 464 742 navi'proseclm
474 664 548 718 erar
562 657 637 717 cum
653 646 693 719 iis
706 645 823 730 rebuu,
835 666 916 743 quas
929 645 992 716 tibi
1006 646 1069 717 do·
1100 678 1104 682 ·

98 780 162 835 mo
175 755 264 827 mitti
277 754 446 847 volueres.
471 755 600 827 Eodem
619 753 674 825 die
694 754 877 826 Gabinium
898 753 941 826 ad
954 778 1070 851 popu·

91 866 173 941 ,lum
192 866 358 941 luculente
375 865 581 957 calefecerat*
592 867 787 955 Memmius,
801 866 864 952 src,
878 886 914 938 ut
934 864 1077 941 cendio·

99 977 246 1051 verbum
263 974 373 1048 secere
389 999 456 1073 pro
469 1000 513 1072 eo
536 998 608 1049 uon
628 975 769 1062 licuerit.
785 975 945 1048 Postridie
957 994 1076 1049 autem·
1107 1012 1109 1015 ·

99 1084 173 1158 eius
183 1084 275 1175 diei,
288 1084 346 1182 qui
360 1103 431 1157 erat
448 1103 519 1155 turn
534 1081 666 1156 futurus
678 1137 690 1171 ‚
702 1107 780 1155 cum
793 1085 874 1161 haec
886 1083 1071 1158 scribebam

99 1213 179 1267 ente
194 1191 328 1282 lucem,
342 1193 431 1287 apud
451 1192 616 1264 Catonern
635 1211 712 1265 erat
729 1192 896 1265 divinatio
912 1191 947 1263 in
966 1192 1083 1266 Gabi·v

101 1304 198 1395 nium
217 1301 328 1375 sutura
352 1302 438 1374 inter
461 1302 680 1388 Memmium
693 1323 727 1375 et
749 1301 806 1373 Ti.
826 1301 1022 1388 Neronem,
1036 1315 1071 1374 et

100 1414 145 1487 C.
157 1430 195 1486 et
207 1415 243 1486 l.
260 1411 452 1504 Antonios,
466 1414 514 1484 M.
529 1415 564 1485 F.
584 1412 783 1511 Putabamue
800 1408 893 1500 sore,
905 1429 943 1484 ut
957 1413 1070 1497 Mem·

101 1521 174 1594 mio
188 1519 346 1612 damme,
358 1520 416 1600 etst
434 1540 504 1596 erat
518 1521 664 1598 Nmonis
677 1523 762 1594 mira
778 1520 962 1594 contentio.
975 1518 1071 1613 Quid
1114 1571 1116 1575 «

100 1631 261 1731 quaeris?
275 1632 383 1730 probe
396 1634 576 1737 premitur,
585 1634 650 1707 nist
662 1631 776 1707 noster
790 1631 985 1730 Pompeius,
997 1630 1072 1721 diis,
1095 1682 1101 1692 ,

99 1735 364 1845 hominibusque
381 1749 520 1838 invitis,·
533 1748 704 1846 negotium
722 1749 890 1822 everterit.
914 1746 1077 1846 Cognos‹

102 1878 250 1931 oenunc
271 1853 628 1948 hominieaudaciam,
649 1849 684 1928 et
706 1855 831 1952 aliquid
853 1854 887 1926 in
903 1856 1072 1953 republica
1158 1894 1168 1913 ·

102 1954 236 2064 perdita
260 1966 431 2040 delectare.
461 1969 550 2041 Cum
577 1967 761 2055 Gabinius,
781 1988 982 2064 quacunque
1007 1991 1073 2040 ve·

102 2074 239 2163 niebat,
267 2072 486 2172 triumphum
509 2077 543 2152 se
568 2075 733 2173 postulare
765 2073 918 2164 dixisset,
944 2073 1075 2150 subito-

102 2205 170 2280 que
184 2182 296 2256 bonus
317 2183 500 2283 imperator·
512 2187 615 2259 noblu
632 2185 668 2258 in
682 2185 820 2274 urbem,
834 2185 979 2259 hostium
998 2187 1073 2285 pla·

103 2318 166 2384 ne,
182 2293 365 2391 munisset,
378 2295 413 2367 in
428 2294 574 2370 senatum
588 2295 623 2370 se
634 2306 704 2370 non'
721 2296 960 2376 committebat.
983 2299 1074 2369 lnte·
1143 2362 1153 2373 ,

103 2409 171 2482 rim
188 2407 262 2506 ipso
281 2409 416 2484 decimo
437 2411 511 2502 die,
524 2435 596 2511 quo
609 2411 714 2510 ipsum
737 2407 917 2509 oportebat
929 2407 1073 2484 hostium
1140 2433 1143 2440 ·

105 2544 283 2593 numerum
291 2574 303 2608 ,
316 2538 349 2594 et
364 2521 508 2594 militum
526 2523 735 2612 renuntiare,
749 2520 785 2594 in
798 2547 834 2595 re
848 2518 971 2613 haesit,
984 2520 1074 2595 sum·

103 2656 161 2703 ma
178 2629 408 2728 infrequentia.
433 2652 509 2704 cum
527 2630 629 2707 vellet
647 2631 790 2721 exire‚a
811 2632 1001 2707 consulibus
1019 2657 1075 2708 re·

106 2742 218 2813 tentus
234 2739 281 2813 est
298 2766 309 2814 e
324 2740 504 2814 introdusli
518 2740 696 2838 publicani.
714 2740 833 2816 Homo
850 2738 997 2840 undique
1018 2765 1075 2815 ac·

106 2864 181 2939 tue,
202 2875 281 2923 cum
294 2876 317 2930 ,a
337 2876 392 2924 me
413 2850 555 2923 maxime
574 2849 824 2946 vulneraretur,
838 2855 907 2926 non
922 2851 1018 2942 tulit,
1041 2868 1076 2925 et

104 2983 164 3059 me
179 2961 333 3055 trementi
346 2985 437 3036 voce
452 2958 600 3034 exsulem
616 2961 805 3058 appellavit.
825 2961 911 3049 Hic,
927 2959 981 3058 (o
1007 2961 1055 3033 dii
1064 2956 1094 3031 l?

107 3069 194 3142 nihil
215 3096 362 3169 unquam
382 3069 657 3146 honorificentius
673 3073 771 3145 nobis
790 3070 963 3172 accidit,)
987 3100 1076 3148 con·
1160 3070 1166 3079 ⁴

108 3177 251 3256 surrexit
276 3180 404 3253 senatus
425 3204 500 3252 curn
520 3179 668 3252 clamore
694 3181 736 3253 ad
761 3190 885 3271 unum,
899 3180 964 3272 sic,
982 3200 1018 3256 ut
1034 3181 1077 3256 ad
1113 3202 1133 3263 ᾖ

110 3312 237 3383 corpus
266 3287 334 3361 eius
356 3289 547 3362 accederet:
564 3279 636 3384 pari
657 3287 801 3361 clamore
829 3311 929 3388 atque
948 3290 1079 3386 impetu
1143 3329 1144 3332 ¹

107 3397 289 3498 publicani.
302 3398 396 3492 Quid
410 3397 562 3497 quaeris?
577 3422 713 3486 omnes,
727 3402 883 3498 timquam
895 3398 920 3471 st
930 3417 968 3472 tu
979 3398 1084 3491 effes,¹

106 3507 157 3591 ita
185 3505 334 3582 suerunt.
356 3508 448 3580 Nihil
470 3509 646 3582 hominum
672 3510 824 3583 sermone
847 3510 1093 3585 for-iselarimfi
1134 3536 1143 3545 ⁴·

108 3618 185 3714 Ego
207 3632 323 3721 tamen,
337 3637 439 3689 teneo
454 3618 496 3691 ab
510 3618 709 3708 accusando,
724 3619 783 3693 vix
796 3619 984 3694 mehercule
997 3647 1008 3694 t
1020 3620 1088 3694 sed¹
1103 3674 1104 3677 ,

87 3746 222 3809 ¹tauron
239 3747 359 3826 teneo,
371 3732 431 3812 vel
443 3733 540 3833 quod
553 3733 637 3846 nolo
651 3758 731 3815 cum
744 3731 909 3903 Pogpeio
923 3760 1081 3836 pugnare,

852 3855 877 3923 4
