2348 4238
127 236 131 247 ·
216 217 353 291 arur.
372 216 438 289 nn
453 212 667 312 rrrrcuu
690 219 726 291 r.
748 215 841 300 xvr.
960 245 1023 296 m

115 374 180 440 hille
195 378 346 442 traduntur.
374 375 450 440 Cum
469 378 512 447 M.
530 377 666 439 Antonius
682 379 713 439 &
734 377 905 440 Oblavianus
920 384 1036 454 occultis

114 470 278 553 potius'odiis
296 472 364 530 inter
381 467 426 540 set,
437 488 520 549 quam
528 482 622 547 aperta
630 470 661 528 vi
674 486 823 542 certarent,
834 470 953 552 alterque
965 473 1032 534 alte·

111 586 164 624 rum
183 561 282 623 insidiis
298 578 470 644 praevertere
489 576 631 620 conaretur
642 582 651 634 3
663 560 799 621 Antonius
817 578 879 622 ante
895 563 969 624 diem
979 581 1031 626 vrr

108 655 144 719 Id.
159 657 228 720 08.
244 653 415 718 Brundisium
428 655 521 726 venit,
533 651 668 735 profeclus
679 655 793 715 obviam
804 656 953 738 legionibus
963 657 1030 718 Ma·
1043 672 1046 684 ¹

106 748 240 810 cedonicis
259 761 393 827 quatuor,
409 760 440 824 ut
455 765 500 804 eas
515 742 564 803 sibi
580 745 694 829 pecunia
711 746 881 808 conciliaret:
900 766 967 827 quas
981 763 1031 808 ta-

106 865 187 915 men,
205 842 284 925 quod
298 839 465 922 quidamub
482 837 641 900 ottaviano
656 839 792 921 praemiffi
805 841 891 902 multo
903 843 962 924 plus
978 846 1033 905 oh·
1068 884 1072 896 «
1103 903 1106 913 ,
1136 843 1142 853 ”
1167 856 1170 867 “

105 938 240 1011 tulerant,
251 935 385 995 attrahere
400 933 436 992 ad
454 932 481 998 se
496 953 552 992 non
563 937 658 1014 potuit.
671 934 765 1015 Itaque
775 935 807 996 &
817 937 959 1000 Martia&
969 939 1030 1002 De·

104 1033 175 1091 rima
197 1016 274 1088 illum
290 1024 384 1109 postea
393 1024 590 1102 -deseruertutt,
607 1027 639 1088 &
659 1026 694 1086 ad
713 1025 901 1090 Ociaviarrum
919 1031 1030 1095 transte-

104 1142 184 1186 runt:
200 1125 247 1205 qui
263 1124 330 1183 item
345 1119 516 1182 Oilevianus
531 1140 565 1180 eo
584 1117 642 1199 ipso
657 1135 802 1201 tempore,
819 1142 875 1202 quo
892 1122 1029 1189 Antonius

100 1215 237 1280 Brundisii
250 1214 320 1288 luit,
330 1213 385 1296 ipse
401 1216 429 1273 in
448 1210 631 1294 Campaniam
650 1230 765 1293 pergens
774 1257 785 1284 ,
801 1232 934 1295 magnum
947 1235 1026 1279 vete.

103 1332 235 1374 ranorum
254 1329 418 1380 numerum,
433 1308 533 1388 ingenti
550 1304 614 1387 spe,
633 1297 787 1397 ingentique
798 1309 922 1388 *pecunia
941 1313 1029 1392 cepit,

102 1408 235 1468 nimirum
248 1403 382 1473 denariis,
393 1417 423 1461 ut
435 1400 540 1462 Cicero·
551 1403 604 1471 air,
616 1421 689 1461 cccc.
706 1397 792 1481 quue
803 1402 908 1462 initium
923 1403 973 1463 fuit
985 1428 1031 1464 ar-

102 1519 216 1563 morum
235 1500 305 1558 inter
321 1494 413 1577 ipsos,
431 1515 496 1553 cum
513 1510 592 1554 antea
610 1514 698 1575 neque
709 1493 810 1554 bellum
829 1515 1031 1579 gererent,ne·

103 1615 158 1677 que
169 1614 270 1674 pacem
288 1591 429 1653 haherent.
451 1587 486 1648 Er
495 1589 550 1655 hoc
563 1605 670 1670 tempus
686 1587 749 1648 illud
764 1588 832 1661 suit,
847 1611 911 1652 cum
927 1592 1030 1658 Cicero

103 1687 140 1745 ah
162 1683 339 1759 Oilaviano,
356 1704 405 1765 per
419 1681 534 1764 speciem
551 1681 726 1764 capellendae
742 1681 820 1766 Reip.
834 1687 862 1744 in
873 1679 1029 1756 Antonium

97 1779 254 1842 sollicitatus
273 1775 329 1851 est,
346 1775 413 1835 nihil
429 1772 471 1850 se,
487 1772 535 1833 nifi
555 1773 589 1834 de
609 1773 675 1833 illius
695 1772 895 1865 consrlio,·nec
913 1777 959 1839 nist
977 1802 1028 1862 per

99 1869 224 1930 senatum
241 1865 393 1942 faciurum,
412 1863 573 1946 pollicente·
588 1862 708 1945 Scriptae
726 1865 786 1925 sunt
800 1886 914 1939 omnes,
932 1867 1027 1930 Anto-

99 1964 146 2022 nio
163 1962 194 2022 &
211 1959 358 2022 Dolabella
376 1956 452 2023 Coff.
472 1980 505 2019 ex
525 1980 550 2018 a.
568 1957 595 2018 cl.
617 1957 851 2038 v11.ld.·Quint.
870 1961 906 2020 ad
926 1960 1024 2024 Nonas
1063 1966 1065 1969 ’

98 2057 204 2115 circiter
216 2052 389 2115 Decembris.
416 2052 510 2134 Atque
530 2053 570 2112 his
586 2052 696 2133 quidem
711 2054 797 2112 multa
812 2055 864 2116 alia
880 2048 1036 2119 contineri..

92 2163 141 2216 *tur
149 2193 161 2221 ,
178 2147 227 2209 sed
236 2148 284 2210 vel
293 2145 459 2222 domestica,
474 2144 520 2206 vel
538 2147 591 2206 huc
612 2147 797 2228 pertinentia'

195 2330 199 2338 “
254 2338 487 2443 cicero
525 2338 766 2414 arrico
812 2345 844 2418 s.⁷

88 2471 307 2651 ,Notus
322 2568 440 2662 Quint.
461 2567 539 2642 veni
557 2566 592 2640 in
611 2570 836 2645 Puteolanum.
860 2571 1020 2669 postridie
1054 2632 1057 2637 »

82 2709 127 2756 ens
139 2683 183 2755 ad
196 2683 335 2762 Brutum
353 2682 389 2752 in
402 2679 555 2754 Nesidem
572 2680 653 2752 haec
667 2681 786 2779 fcripfi.
814 2684 925 2774 sedeo
939 2687 1021 2777 die,

82 2823 127 2892 uo
139 2819 298 2868 veneram
309 2847 320 2883 ,
333 2794 485 2866 coenanti
498 2798 582 2867 Eros
595 2813 665 2867 tuas
677 2797 797 2870 literas.
812 2797 929 2871 Itane?
945 2800 1033 2870 Noc

82 2905 248 2978 isluliis?
271 2903 334 2996 Dii
356 2903 488 2977 hercule
509 2903 674 2976 istislred
695 2904 891 2978 stomachari
910 2924 1021 2983 totum

82 3017 149 3091 iern
168 3016 256 3089 licet.
281 3016 515 3113 quidquamne,
526 3017 674 3115 turpius,
696 3041 794 3115 quarn
817 3017 944 3108 Bruto,
960 3021 1022 3091 Iu·
1064 3040 1070 3052 ’

82 3125 439 3198 uerereoaumeum
459 3125 751 3222 {gemmantur
766 3124 940 3200 nruuviu.
956 3130 1022 3202 ser
1110 3110 1113 3123 '

82 3235 137 3307 uid
159 3233 226 3322 etr,
243 3220 497 3331 quaeso‚,quod
516 3235 678 3333 agripetas
701 3233 851 3305 Buthroti
870 3239 1022 3312 concisos
1051 3276 1053 3281 ·

82 3344 159 3416 udio
171 3343 186 3416 l
199 3343 403 3439 quideutem
417 3324 552 3417 Plancus
568 3365 635 3417 tarn
650 3343 768 3418 curfim
782 3341 853 3441 (ita
866 3333 953 3417 euim
967 3373 1021 3418 au·

84 3446 218 3546 iebant)
232 3448 320 3520 diem
337 3467 370 3520 et
387 3451 517 3522 noctem
531 3451 545 3523 l
560 3451 639 3546 sane.
647 3452 749 3548 cupio
766 3453 862 3539 scire,
877 3451 957 3548 quid
971 3453 1020 3529 sit.

82 3565 169 3635 leam
187 3560 433 3659 profeffionern
450 3563 573 3635 laudari
593 3564 733 3662 gaudeo.
744 3550 937 3636 ¹videndum
952 3564 1031 3660 είὶ,Ι
1081 3648 1082 3651 ¹

82 3659 240 3742 rmaulio
264 3668 424 3744 laudetur.
448 3670 645 3769 Dymaeus,
665 3695 746 3771 agro
771 3670 904 3769 pulsor,
924 3698 1018 3771 mare
