2348 4238
267 225 814 328 consottrso
971 248 1069 351 339Δ

67 366 206 510 βιζιβιιη
223 420 348 506 tradat,
364 442 402 487 rte
413 419 504 486 laude
521 416 644 508 quidem
664 417 732 486 ulla
746 415 863 510 dignus
873 412 1046 506 ‘attestatum

71 527 117 626 ιβ
134 529 219 607 enim
225 527 321 618 series
338 529 489 621 quaedam
505 527 645 595 maxime
663 525 789 595 veritati
811 523 1046 616 consentanea,

74 633 365 727 utsententiamrn,
373 637 424 734 ste
446 628 621 706 rutente&
643 635 900 728 quemadmodum
919 635 956 702 in
969 632 1043 725 fer·
1082 688 1086 701 ,

73 774 188 833 mone,
203 749 470 842 disputationeque
488 743 731 848 nostraneclitur
740 746 832 836 aliud
844 770 885 814 en
897 746 984 831 alio,
993 745 1046 813 itae

67 860 130 951 qui
145 858 184 949 se
202 885 268 929 una
291 861 401 950 aliqua
421 861 472 926 uel
491 855 685 946 deformitate
705 846 757 924 vel
770 853 961 944 turpitudine
984 853 1045 920 im·

10 1016 19 1021 -
70 970 192 1059 plicari
206 971 346 1060 patitur,
367 970 478 1039 multis
491 968 603 1068 statim
625 968 755 1058 miseriis
774 991 811 1035 ae
830 965 1042 1055 deformitati-

71 1080 132 1148 ·bus
153 1082 345 1172 opprimetur.
369 1082 435 1149 Nee
455 1100 523 1150 uero
543 1080 623 1148 credi
644 1079 758 1162 uelim,
772 1102 837 1162 me,
850 1076 925 1168 quia
943 1078 1042 1146 dolori

73 1191 173 1258 nimio
192 1203 374 1284 repugnem,
388 1193 501 1260 ideireo
516 1192 648 1259 dolorem
663 1188 752 1256 omni
764 1213 806 1256 ex
813 1209 902 1278 parte
915 1188 1037 1278 impro-

71 1300 163 1382 bare,
175 1325 337 1392 omnesque
358 1303 445 1369 illius
460 1326 502 1368 ex
514 1300 624 1368 animo
637 1297 740 1390 fibras
752 1299 923 1367 evellendas
936 1298 1040 1398 existi-

49 1454 54 1463 ·
73 1431 166 1476 mare.
186 1407 226 1506 ιβ
242 1409 344 1494 enirn,
358 1429 510 1500 quatenus
528 1407 619 1475 horno
640 1407 760 1492 doleat,
773 1399 821 1492 Cr,
838 1400 946 1502 (quod
957 1430 1040 1498 prtt·

70 1519 179 1587 denter
192 1544 214 1585 a
239 1519 385 1588 Crantore
399 1516 510 1587 dudum
534 1517 591 1616 ιβ,
607 1514 824 1613 )fiveseeetur
838 1541 916 1608 pars
930 1519 1041 1610 aliqua
1117 1550 1122 1565 ·

55 1629 209 1718 „eorporis
219 1678 229 1712 ‚
237 1625 300 1722 fiee
319 1631 490 1714 avellatur,
496 1626 611 1718 sensus
625 1650 730 1696 tamen
747 1622 842 1723 adeffe
854 1629 946 1696 debet.
960 1628 1041 1728 istuc
1097 1605 1104 1632 ’

69 1738 157 1805 enirn
169 1738 255 1807 nileil
266 1732 450 1827 dolere,fieri
463 1761 528 1806 uon
536 1736 652 1835 potest,
667 1731 765 1828 quin,
780 1739 1040 1827 quemadmodum

62 1843 225 1934 feritatem
237 1846 368 1936 eorporis
388 1847 571 1938 quandum,
593 1872 622 1914 te
638 1847 741 1914 animi
750 1846 907 1945 stuporem
920 1850 1036 1916 mdxi-

66 1979 158 2025 mum
173 1954 299 2025 indicet.
314 1957 379 2025 Sed
386 1955 539 2025 nimirum
553 1957 635 2025 illud
644 1956 698 2056 ιβ,
712 1959 798 2050 quod
806 1940 1039 2048 improbamus,

10 2130 35 2145 ,,
65 2066 174 2135 dolori
187 2091 247 2135 nos
261 2067 345 2159 ipfire
359 2069 406 2136 ita
418 2069 548 2154 tradere,
557 2090 592 2136 ut
607 2060 644 2137 in
659 2070 757 2137 aliam
764 2064 901 2164 fortaffe
910 2071 1038 2163 grauio-

64 2203 184 2248 remex
198 2179 266 2254 alia
272 2199 363 2270 parte
373 2177 627 2268 vituperationem
640 2178 828 2247 incidamus.
843 2188 920 2246 nam
928 2202 1035 2271 quem·

64 2289 264 2371 admodum,
284 2288 337 2378 qui
358 2286 442 2356 nilzil
455 2285 584 2378 prorsus
606 2288 731 2370 doleat,
753 2285 904 2377 desciscere
926 2289 1034 2357 videa·

61 2420 121 2468 tur
133 2397 175 2466 ab
187 2398 324 2466 hominis
339 2417 472 2482 natura,
484 2420 564 2486 quae
579 2417 672 2464 morte
682 2395 837 2488 pereulfit,
850 2396 986 2466 dolorem
996 2421 1035 2468 ae
1060 2456 1063 2473 .

58 2505 184 2578 lue‘lum
198 2508 307 2598 aliquo
318 2509 410 2576 modo
419 2507 554 2575 indicare
567 2505 707 2601 cogitur:
721 2509 791 2593 ita,
821 2509 858 2576 ui
870 2502 968 2576 dolori
983 2509 1037 2578 ni·

58 2618 131 2684 mis
142 2615 321 2708 indulgeat,
334 2616 489 2683 firmanae
502 2637 633 2684 naturae
638 2617 768 2707 penitus
779 2617 917 2704 obliuisci
924 2666 935 2703 ,
948 2626 1041 2688 eom-‘

58 2724 427 2816 munemqneomreium-
444 2723 653 2794 conditionem
681 2725 814 2816 recusare
838 2713 1057 2819 iudicabitur(
1104 2752 1107 2757 ·

29 2924 32 2935 Ι
53 2833 183 2927 quibus
197 2833 284 2902 rebus
301 2833 501 2927 intelligitur,
510 2837 645 2927 grauiter
653 2861 775 2927 peceare
788 2837 947 2922 nominee,
962 2862 1035 2909 curet
1120 2913 1123 2920 ,

56 2948 118 3019 uel
131 2969 188 3030 ea,
199 2968 276 3037 quae
294 2945 442 3018 omnibus
456 2945 634 3036 perfinndu
640 2945 863 3041 fitbeundaque
869 2948 969 3040 sunt,
981 2952 1034 3020 de·
1121 3018 1143 3037 1,

54 3054 185 3127 eree‘lare
205 3054 418 3142 audentnd,
429 3057 508 3147 quid
522 3054 605 3147 ipsm
624 3058 660 3127 irt
674 3059 743 3129 rita
764 3060 886 3158 dreeot,
901 3081 1037 3156 quaeque
1111 3054 1128 3130 ’.

44 3167 150 3263 sequi
161 3189 222 3235 ⁴etue
234 3165 363 3262 refugere
375 3168 519 3254 debeant,
535 3193 602 3237 nore
614 3178 748 3263 ¹cernunt
757 3169 848 3259 fietis.
865 3173 1036 3264 quodpro-

44 3277 169 3369 prittm
182 3275 366 3366 prudentiae
381 3300 499 3359 munus
511 3276 554 3365 est
567 3299 581 3344 .·
595 3302 690 3370 quam
703 3279 911 3348 humanarum
932 3276 1033 3347 aiiio·

52 3410 144 3457 num
159 3383 387 3453 moderatricem
405 3411 427 3453 a
442 3385 503 3454 diis
512 3385 745 3456 'immortalibus
756 3382 811 3483 effe
821 3387 1035 3485 constitutam,

20 3572 25 3581 ,
51 3494 200 3584 infitiari
221 3518 310 3563 nemo
319 3493 426 3593 potest.
449 3495 538 3588 atqui
555 3495 626 3564 ltuie
646 3516 712 3563 tarn
727 3498 888 3587 praeclaro
905 3496 1033 3567 diuino·

51 3594 123 3703 que
141 3607 262 3674 muneri
267 3609 366 3696 ptam
379 3602 511 3708 obfistit,
524 3609 579 3699 qui
594 3607 694 3701 nimio
704 3609 804 3676 dolore
816 3606 1035 3684 dotium‘nom

52 3717 162 3793 modo
178 3711 310 3807 enimse
325 3711 504 3813 ipsumfine
520 3717 587 3786 ullo
595 3710 705 3806 fmilu
720 3713 873 3882 hclqunis
885 3738 923 3786 ae
937 3712 1032 3815 tristi·
1065 3793 1067 3797 ,
1110 3711 1113 3719 ’
