2348 4238
183 240 250 337 ηε
323 218 648 327 misenantium
662 244 731 318 tu
748 246 794 339 Q.
807 247 1025 356 autumem

177 405 245 478 hoc
261 404 391 502 semper
415 403 632 494 facillimum,
648 424 681 478 et
698 431 783 480 vero
806 408 870 483 effe
885 409 1025 497 debuit;
1052 410 1127 485 cuitu
1156 448 1166 502 ς

177 530 291 585 natura
303 511 376 586 talia
388 510 454 601 eti,
464 529 502 584 ut
512 513 611 585 etiam
625 511 692 587 stne
704 515 851 588 dotirina
864 516 1018 591 videatur
1032 520 1127 591 mode
1159 512 1161 518 ’

175 644 246 697 rata
265 622 330 696 ede
351 621 517 717 potuita
542 646 581 694 ea
602 641 712 699 autem
734 626 879 699 adhibita
902 629 1072 701 doetrina-
1090 628 1125 719 st,
1163 669 1166 710 ι

176 758 262 830 quae
275 733 331 807 vel
348 731 586 806 vitiosissimam
608 753 758 808 naturam
779 737 933 811 excolere
956 741 1054 837 possi¹
1083 742 1126 811 Tu

175 866 256 915 cum
270 840 453 938 pecuniae,
468 867 546 933 cum
562 844 750 940 voluptati,
764 871 840 918 cum
860 850 1016 922 omnium
1032 848 1125 925 rann
1158 858 1160 865 ⁴

174 949 346 1048 cupiditati
364 947 508 1039 refistes‚
526 966 563 1022 ut
580 949 683 1038 facim
701 953 784 1043 erit,
800 956 925 1045 credo,
938 958 1125 1056 perictdur'n,
1160 942 1164 952 ¹

86 1149 88 1154 Ι
174 1082 217 1131 ne
229 1058 421 1169 improbum
438 1060 699 1155 negotiatorem,
716 1063 816 1157 paulo.
830 1065 1041 1160 cupidiorem
1057 1052 1136 1164 pin
1158 1098 1166 1145 t

174 1166 319 1241 licanum
342 1167 572 1264 comprimere
583 1194 654 1265 non
671 1169 779 1267 poffis.
818 1176 906 1247 Nam
927 1169 1125 1275 Graeciqui·
1159 1183 1163 1253 i

175 1277 252 1352 dem
270 1277 313 1351 fic
327 1297 360 1350 te
373 1277 419 1350 ita
432 1276 603 1355 viventem
617 1278 847 1368 intuebuntur,-
859 1300 898 1357 ut
914 1287 1080 1380 quendam
1090 1311 1125 1358 ex
1159 1342 1166 1366 ,

175 1385 340 1465 annalium
354 1385 539 1478 memoria,
554 1404 610 1463 aut
623 1384 778 1463 etiam'de
792 1389 893 1466 coelo
907 1391 1060 1465 divinum
1075 1395 1126 1465 ho
1155 1392 1158 1419 ²

172 1496 299 1592 minem
324 1497 389 1572 esse
411 1497 445 1570 in
465 1496 677 1596 provinciam
697 1497 863 1594 delapsum
883 1519 1012 1595 putent.
1032 1511 1126 1599 Atque
1160 1517 1166 1584 t

173 1609 255 1681 haec
276 1633 382 1697 nunc,
397 1632 466 1680 non
487 1625 525 1679 ut
546 1608 665 1696 facias,
677 1607 732 1680 sed
750 1623 833 1679 utte
847 1605 960 1680 facere
979 1626 1014 1680 et
1029 1610 1127 1683 seciffe
1160 1647 1166 1689 ι

41 1802 46 1810 ὁ
174 1717 335 1815 gaudeas,
350 1716 468 1789 scribo.
490 1718 696 1791 Praeclarum
719 1715 765 1787 est
784 1716 891 1802 enim,
907 1715 1042 1790 summo
1061 1743 1126 1791 cum
1161 1755 1166 1799 ι

64 1848 66 1853 ·
174 1828 318 1923 imperio
334 1826 430 1901 suiffe
442 1829 476 1899 in
490 1829 562 1901 ntia
576 1828 777 1916 triennium,
791 1826 834 1900 [ic
848 1844 885 1899 ut
898 1829 1027 1899 nullum
1037 1849 1069 1901 te
1080 1828 1127 1925 sag·
1156 1867 1166 1941 ,Ξ

173 1963 271 2029 num,
293 1939 380 2011 nulia
392 1940 529 2036 pistura,
544 1939 669 2010 nullum
683 1962 764 2027 vas,
780 1938 867 2011 nulla
880 1937 995 2029 vestis,
1010 1940 1126 2018 nullum
1156 1948 1166 2019 i

1156 2042 1160 2087 r

171 2038 395 2143 mancipium,
417 2049 503 2119 nulla
522 2031 632 2120 forina
645 2048 858 2143 cuiusquam,
878 2047 964 2119 nulla
985 2048 1127 2122 conditio
1157 2088 1166 2163 Ι;

129 2214 133 2232 -.
171 2160 331 2258 pecuniae
349 2157 496 2254 (quibus
517 2157 616 2229 rebus
637 2155 781 2226 abundat
801 2154 860 2227 ista
872 2153 1078 2253 provincia)
1090 2155 1125 2224 ab
1163 2200 1166 2243 «ὲ

170 2265 501 2366 summa'integritate
525 2266 790 2361 continentiaque
807 2265 1005 2338 deduxerit.
1039 2265 1125 2358 Quid
1157 2272 1166 2363 ἒξ

170 2400 280 2452 autem
302 2379 441 2474 reperi-ri
465 2397 532 2449 tam
551 2378 731 2466 eximium,
747 2395 803 2447 aut
822 2400 889 2449 tam
909 2378 1125 2471 expetendum

170 2488 296 2585 potest,
317 2512 416 2584 quam
432 2485 525 2559 istam
543 2487 718 2572 virtutem,
730 2485 996 2555 moderationem
1012 2481 1124 2569 animi,
1158 2534 1166 2571 ::

170 2588 442 2694 temperantiam,
456 2620 525 2666 non
537 2597 637 2667 latere
651 2595 686 2665 in
698 2595 863 2681 tenebris,
875 2618 984 2688 neque
999 2594 1063 2665 effe
1075 2594 1123 2664 ab·
1157 2578 1160 2603 ⁸

170 2712 297 2796 diram,
313 2707 369 2779 sed
390 2708 425 2776 in
442 2705 519 2775 luce
539 2704 651 2790 Asiae,
667 2699 707 2773 in
723 2702 828 2774 oculis
843 2701 1038 2774 clariffimae
1050 2725 1123 2798 pro·
1157 2694 1166 2795 '3

169 2821 320 2906 vinciae,
341 2835 441 2912 atque
461 2817 496 2885 in
514 2814 646 2891 auribus
667 2815 822 2884 omnium
842 2813 992 2909 gentium
1016 2837 1054 2885 ac
1072 2835 1122 2881 na·
1162 2861 1166 2902 ‚

169 2929 299 3003 tionum
321 2926 391 2998 effe.
405 2924 571 3022 positam?
592 2947 661 2993 non
680 2922 854 2993 itineribus
871 2921 936 2992 tuis
953 2918 1121 3016 perterreri
1162 2969 1166 3010 f

167 3038 345 3112 homines?
361 3061 430 3107 non
445 3037 551 3108 sumtu
572 3029 760 3102 exhauriri?
782 3053 852 3099 non
871 3030 1021 3100 adventu
1035 3053 1120 3102 com·
1147 3058 1166 3119 '³

165 3149 328 3223 moveri?
350 3147 443 3235 effe,
469 3166 670 3241 quocunque
696 3140 849 3229 veneris,
866 3161 900 3211 et
925 3138 1078 3235 pttblice,
1094 3154 1120 3209 et
1161 3185 1166 3223 ,-

163 3260 519 3360 privatitn‘maximam
541 3256 717 3337 laetitiam3
738 3278 815 3324 cum
840 3250 918 3323 urbs
939 3250 1118 3335 custodem,
1161 3291 1166 3334 ς

163 3397 233 3446 non
252 3392 453 3468 tyrannum,
471 3367 591 3436 domus
608 3362 792 3459 hospitem,
808 3385 876 3432 non
889 3359 1117 3456 expilatorem,

124 3501 142 3575 3
164 3481 319 3577 recepiffe
339 3475 521 3551 videatur?
543 3475 605 3545 His
622 3470 730 3543 autem
742 3472 777 3542 in
792 3473 889 3542 rebus
908 3471 972 3540 iam
992 3494 1028 3544 te
1049 3470 1116 3544 usus
1161 3505 1166 3546 1

164 3589 232 3688 ipse
245 3590 399 3685 profecto
412 3584 583 3671 erudivit,
601 3603 808 3675 nequaquam
826 3577 899 3649 satis
914 3576 1001 3665 effe,
1020 3577 1116 3674 ipsum
1164 3618 1166 3623 ·

163 3701 394 3779 bacchabere
412 3699 573 3787 virtutes,
587 3693 644 3768 sed
656 3690 721 3767 etse
734 3689 1066 3789 circumspiciendum
1079 3686 1117 3762 di·
