2348 4238
87 208 90 214 ’
169 242 305 341 364‘
375 242 943 323 -cousotsrsct

166 410 347 496 liberorum,
360 399 394 478 δ’
407 408 528 504 quidam
542 405 782 503 confiniorum,
798 408 966 480 interitum
977 406 1124 500 itafomb

167 541 214 588 ter
231 515 263 589 (t
290 520 461 619 constanter
475 522 630 605 tulerunt,
644 543 679 590 ut
694 519 801 612 causae
813 518 951 619 nihilstt
965 575 978 613 ,
990 525 1070 616 quin
1080 548 1124 595 eos
1165 566 1168 671 4

157 628 369 721 sttpcrioribus
396 630 524 700 Graecis
546 656 738 722 comparate,
751 653 841 725 atque
861 633 957 701 etiam
985 631 1125 723 anteferet

167 743 336 812 debeamus.
363 764 453 832 atquc
474 743 530 810 ltoc
548 744 646 811 multo
669 743 769 836 magis
795 745 829 809 in
857 742 928 813 illis
955 744 1124 812 mitmdtm

160 849 279 939 suerit,
292 853 375 942 quod
387 853 536 919 incorum
551 852 638 919 obitu
642 850 681 941 st
687 836 875 944 sirtiffimos
894 845 930 920 δ’
950 849 1126 952 constantis·

93 948 104 961 ’
154 955 257 1053 simos
273 959 563 1050 praebuerunt‚qui
577 984 643 1029 non
661 962 753 1028 modo
768 956 841 1053 ipfis
855 950 1125 1054 utiltfflmifflui·
1165 1012 1168 1023 .

168 1064 284 1163 xifftnt
296 1121 305 1153 ‚
311 1069 372 1159 scd
383 1095 480 1159 paene
496 1070 563 1159 stili
578 1071 667 1139 utiles
691 1096 730 1139 ae
748 1071 877 1140 iucundi
890 1066 949 1166 effe
960 1063 1126 1166 potutffent.

166 1179 245 1269 quid
254 1182 334 1245 enim
350 1179 459 1247 utilius
463 1178 560 1264 filio?
573 1179 651 1269 quid
659 1180 826 1248 iucundius
839 1179 961 1247 unico?
972 1177 1128 1267 atfilium,

166 1282 341 1358 &unicum
362 1291 407 1381 Q,
428 1290 570 1357 Fabius:
592 1313 745 1380 praetcrea
764 1290 1047 1382 consularem‚1qui
1067 1290 1138 1367 ian,

168 1424 300 1492 magnas
313 1425 359 1468 tes
375 1396 523 1496 gesserat,
538 1395 570 1469 δ’
583 1402 711 1470 maiores
728 1403 901 1495 cogitabat,
914 1399 1030 1497 amistt.
1043 1426 1125 1493 neque

157 1511 265 1602 stolum
277 1536 344 1580 non
357 1513 475 1598 doluit,
492 1514 575 1604 quod
581 1510 744 1606 fortifftmi
758 1514 860 1582 animi
872 1511 944 1604 fuit
952 1511 1035 1603 ,·scd
1042 1514 1124 1582 etiam

166 1643 286 1720 mortuo
305 1624 517 1692 laudationem
539 1625 575 1691 in
598 1623 673 1713 soro
695 1625 810 1693 dixit:
831 1650 893 1715 quo
913 1625 1003 1693 nibil
1014 1624 1122 1714 sonius

97 1766 99 1773 ·
167 1754 224 1800 aut
237 1734 431 1802 laudabilius
449 1758 488 1801 ne
500 1737 639 1803 exomni
651 1737 771 1826 quidem
783 1736 973 1828 antiquitate
992 1733 1123 1826 recenseri
1166 1730 1168 1799 J

96 1921 99 1925 ,
159 1842 363 1942 poemenius
377 1845 543 1913 orationem
556 1847 627 1937 quis
642 1873 709 1915 non
721 1850 896 1932 admiretur,
916 1845 1122 1944 infigttcmin·
1166 1834 1168 1897 i

162 1954 267 2048 genii,
281 1956 390 2024 iudicii
402 2007 414 2041 ,
432 1957 550 2027 ordinis
569 1958 793 2059 praestantial
816 1983 878 2050 quo
902 1961 998 2026 modo
1023 1956 1127 2025 illeuel

165 2093 221 2152 aa,
234 2092 311 2158 quat
325 2067 432 2154 dixit,
433 2065 507 2161 sine
522 2065 604 2136 luc‘lu
616 2069 710 2138 dicen
722 2119 733 2155 ,
744 2092 823 2155 atet,
837 2065 1123 2164 quaescripstt‚fint

165 2181 267 2246 dolore
282 2181 414 2271 cogitare
425 2181 557 2268 potuit?
577 2207 645 2248 cum
661 2181 837 2270 praesertim
854 2181 909 2248 leoc
925 2183 961 2248 in
980 2183 1040 2249 illa
1060 2185 1123 2247 lau·
1166 2184 1168 2203 ²

165 2291 289 2359 datione
303 2286 335 2359 b
349 2291 512 2377 admirari,
526 2286 558 2359 b
574 2280 763 2389 obstupescere
765 2289 940 2380 soleamus,
956 2293 1043 2382 quod
1052 2315 1125 2375 non,

165 2422 200 2470 ut
220 2402 299 2486 alii,
318 2403 353 2468 dc
365 2423 524 2469 ceterorum
534 2401 726 2490 fhttitudine
740 2400 896 2491 disputat,
911 2423 948 2469 ut
959 2401 1057 2492 suum
1072 2397 1125 2494 ipsc
1166 2440 1168 2475 :

165 2515 296 2580 dolorem
315 2514 448 2579 aliorum
468 2516 605 2603 exemplo
618 2515 759 2593 minuat,
764 2511 825 2602 sed
843 2512 879 2578 in
890 2512 970 2599 filio
984 2513 1125 2594 haerens,
1166 2556 1168 2585 t

33 2612 36 2617 ⁶
60 2643 63 2649 '
168 2626 255 2692 illius
271 2626 407 2691 maxime
421 2625 548 2693 uirtutes
556 2624 755 2716 propriasque
767 2623 875 2702 laudes
881 2649 984 2713 ,quat
995 2626 1047 2690 vel
1056 2646 1124 2689 acto
1166 2702 1168 2711 Ι

166 2735 277 2801 biotam
291 2734 397 2827 efficere
411 2735 520 2800 doloris
525 2732 652 2821 stenfitm
664 2752 808 2820 poterant
818 2781 828 2814 ‚
840 2728 1125 2824 lougiffimofirmo·

166 2871 204 2912 nc
221 2843 413 2934 persequitur.
443 2841 707 2938 qteodfingularis
730 2841 854 2912 uirtutis
874 2847 1054 2934 exemplum
1065 2839 1125 2931 sot·

165 2952 240 3049 taffo
260 2955 386 3021 Horatii
413 2954 547 3021 Pttlvilli
569 2953 690 3021 laudem
717 2976 834 3043 magna
855 2976 896 3016 ex
916 2973 1009 3041 parte
1037 2951 1125 3018 denti·

166 3089 256 3132 uuete
282 3067 447 3132 videatur:
467 3087 553 3153 qzcem
578 3083 682 3128 tamen
694 3060 857 3148 stemmum
887 3061 994 3127 uirum
1005 3056 1125 3154 filcntio

71 3229 76 3236 .
161 3174 320 3265 praeterire
334 3170 424 3257 neseis
440 3173 601 3254 ducimus,
615 3195 684 3237 cum
699 3170 735 3243 in
749 3194 781 3235 to
794 3166 974 3260 ipquuod
975 3169 1044 3258 filii
1056 3191 1126 3234 mot·
1166 3238 1168 3245 ,

166 3306 226 3350 tent
248 3280 421 3374 aequiffimo
454 3307 491 3348 ac
503 3279 671 3374 fitetiffimo
694 3278 805 3349 animo
828 3281 924 3364 tulit,
947 3279 1042 3346 etiam
1066 3275 1126 3343 Iovi

170 3392 302 3481 Optimo
324 3392 497 3478 Maximo,
513 3392 599 3459 cuius
612 3393 715 3459 aedem
734 3389 893 3458 dedicabat
904 3438 917 3473 ‚
928 3384 1124 3480 gratifflmum

161 3498 267 3595 feciffe
283 3503 433 3570 uideatur.
451 3527 527 3568 nam
542 3499 720 3586 Pontifex,
736 3501 816 3568 inter
823 3498 1014 3588 solemnium
1032 3499 1125 3567 uerbo·

167 3636 235 3678 rum
251 3612 511 3700 nuncupationem
522 3660 532 3695 ‚
541 3609 655 3708 postem
672 3632 797 3690 tenens,
813 3629 847 3677 ut
857 3606 965 3697 filium
978 3627 1124 3673 mortuum

87 3712 92 3730 ¹
168 3720 290 3790 audivit
298 3771 308 3808 ,
323 3746 415 3812 neque
429 3746 558 3790 ottonum
572 3719 682 3820 aposte
695 3715 993 3809 remouit‚nese1eta
1012 3716 1124 3788 dirime·
