2348 4238
378 235 608 309 trouu
655 234 805 306 uvi.¹
978 256 1043 334 ης

96 421 128 477 ut
150 402 241 477 scias.
266 397 506 496 impedimenta
521 395 735 492 exspeclanda
749 393 841 483 sunt,
853 418 938 493 qrrae
955 398 1048 470 Ana·

93 515 166 612 guia
175 512 317 591 veniunt
329 537 339 582 r
352 526 386 583 et
394 507 518 596 familia
529 532 627 604 aegra
637 505 694 577 est.
705 505 781 576 Kal
795 504 922 602 vesperi
936 506 1049 581 literae

93 625 175 703 mihi
185 623 230 695 ab
243 621 448 696 Oilavianol
473 643 591 716 magna
603 618 747 689 molitur.
771 639 966 707 veteranos,
979 620 1055 717 qui:

92 737 148 833 qui
159 732 299 806 Cafilini
316 748 350 803 et
362 728 509 809 Calanae
525 728 621 817 sunt,
643 726 798 824 perduxit
811 727 853 799 ad
875 731 964 799 luam
979 728 1050 800 sen·

87 845 241 942 ,tentiam
253 865 316 913 nec
329 839 478 910 mirum=
499 837 684 933 quingenos
694 835 846 908 denarios
858 836 935 909 dat:
958 841 1051 935 cogi·

91 969 137 1026 tat
154 950 301 1048 reliquas
311 945 574 1023 colonias-obire.
596 944 692 1041 plane
711 943 779 1015 hoc
799 943 943 1041 speaar,
964 946 1053 1019 urse

93 1061 179 1134 duce
194 1056 321 1131 bellum
329 1077 460 1153 geraurr
470 1077 550 1126 cum
565 1052 727 1123 Antonio.
739 1051 850 1148 itaque
861 1054 964 1127 video
971 1080 1053 1152 pau.

93 1170 139 1251 cis
151 1167 271 1243 diebus
278 1164 387 1237 nosin
397 1162 495 1235 armis
508 1160 592 1233 fore.
606 1163 719 1252 Quem
730 1178 840 1232 autem
854 1160 1051 1258 sequamur?

93 1278 174 1352 vide
187 1298 333 1361 nomen:
348 1273 428 1345 vide
439 1287 588 1344 aetatem.
604 1274 741 1367 Atquea
751 1294 804 1343 me
816 1266 976 1366 postulat,
990 1274 1055 1370 pri·

94 1410 189 1473 mum
201 1408 241 1457 ut
252 1383 337 1456 clam
349 1380 559 1478 colloquatur
571 1404 729 1469 mecum,
748 1380 805 1454 vel
820 1381 978 1479 Capuae,
998 1386 1058 1460 vel·

95 1519 166 1567 non
179 1493 284 1589 longe
304 1516 323 1562 a
337 1490 462 1586 Capua
478 1489 602 1585 puerile
621 1490 687 1561 hoc
701 1490 853 1586 quidem,
874 1492 897 1562 fi
911 1493 947 1564 id
959 1502 1056 1591 pu'tat

94 1605 181 1676 clam
203 1599 279 1673 fieri
302 1597 405 1695 polle.
422 1597 524 1669 docui
538 1622 600 1694 per
611 1599 740 1689 literas,
754 1602 789 1672 id
801 1626 863 1673 nec
875 1625 961 1698 opus
973 1604 1055 1694 else,

95 1737 158 1784 occ
185 1707 260 1781 lieri
285 1707 390 1804 polle.
424 1707 511 1780 misit
530 1708 575 1780 ad
596 1732 650 1781 me
679 1709 857 1782 Caecinam
888 1716 1059 1808 quendam·

97 1804 375 1907 Volaterranum,
390 1817 583 1890 familiarem
599 1818 691 1890 suum
703 1872 714 1908 ,
728 1820 789 1915 qui
805 1821 886 1893 haec
902 1808 1058 1918 pertulirt'¹
1154 1834 1162 1844 '

97 1927 363 2001 Antoniumcum
375 1926 506 2023 legione
515 1927 715 1999 Alaudarum
724 1928 766 1998 ad
775 1930 888 1999 urbem
900 1954 1052 2025 pergere,

99 2037 255 2139 pctuuas
280 2033 469 2130 municipiis
491 2036 675 2132 imperare,
699 2037 864 2133 legionem
880 2036 938 2109 sub
960 2039 1062 2137 signis'¹

99 2151 231 2222 minere
243 2146 465 2234 consultabat,
478 2168 590 2218 utrum
601 2147 744 2217 Romam
758 2164 1054 2223 cumcrocmcro

100 2278 337 2335 veteranorum
351 2253 616 2352 proficisceretur
628 2307 640 2344 ,
651 2280 694 2326 an
708 2257 856 2350 Capuam
865 2272 1004 2344 teneret,
1022 2281 1056 2332 et

101 2368 289 2457 Antonium¹
298 2367 493 2457 retu'entem‘
504 2366 690 2455 excluderet
701 2389 716 2452 ;Ι
732 2390 776 2435 an
790 2365 852 2438 iret
865 2367 906 2439 ad
921 2383 988 2440 tres
1011 2368 1057 2439 le-

101 2480 216 2576 giones
231 2475 488 2561 Macedonicae,
513 2500 597 2572 quae
619 2466 681 2545 iter
700 2473 879 2545 secundum
896 2501 986 2550 mare
1000 2477 1055 2551 su·
1079 2557 1095 2573 ‚

102 2611 218 2684 perum
229 2583 378 2666 saciunu
393 2602 479 2680 quas
495 2583 603 2680 sperat
612 2582 681 2655 fuas
696 2580 770 2654 effe.
783 2605 842 2662 eae
853 2585 1057 2681 congiarium

102 2694 309 2770 abAntonio
330 2696 480 2791 accipere
493 2697 690 2782 noluerunt,
705 2715 743 2765 ut
756 2694 810 2766 lric
825 2696 961 2792 quidem
980 2723 1057 2770 nar·

102 2824 146 2879 rat
156 2857 169 2896 ,
188 2822 227 2877 et
239 2803 272 2875 ci
282 2803 480 2875 conuicium
490 2825 589 2898 grave
600 2800 748 2874 fecerunt
759 2854 771 2891 ,
786 2803 1060 2878 concionantem·

101 2939 165 3013 que
175 2912 400 3010 -reliquenmt
422 2913 506 3009 quid
516 2910 674 3007 quoeris?
691 2911 810 2980 <lucem
824 2910 858 2981 se
870 2911 1059 3004 profitetur,

104 3046 162 3099 uec
171 3046 240 3095 nor
246 3021 308 3092 libi
318 3039 414 3116 putat
424 3018 532 3091 deeffe
546 3024 715 3112 oportere.
733 3017 896 3114 Equidem
910 3019 1009 3113 suasi,
1022 3044 1061 3100 ut

102 3134 251 3208 Romam
263 3147 426 3226 pergeret.
444 3127 691 3201 videtur-euim
711 3126 793 3201 milri
808 3149 844 3198 er
856 3126 1058 3221 plebeculam

102 3247 288 3331 urbanam,
306 3255 357 3328 et,
373 3235 507 3309 {isidem
520 3234 658 3325 fecerit,
673 3235 771 3308 enam
785 3236 894 3308 bonos
906 3239 1000 3311 viros
1014 3241 1061 3312 se-

98 3378 179 3428 cum
191 3349 375 3425 habiturus.
391 3351 427 3418 Ο
439 3348 564 3434 Brute,
585 3345 720 3418 ubies?
739 3360 894 3442 quantam
913 3372 1081 3441 rorantur·

99 3462 253 3537 amittis?
288 3481 360 3529 non
386 3458 544 3556 equidem
569 3457 638 3529 lroc
651 3443 837 3545 -diuiriavi,
857 3455 913 3528 sed
936 3454 1061 3555 aliquid

97 3574 165 3644 tale
180 3566 302 3667 putavi
320 3565 404 3638 fore.
429 3588 522 3637 nunc
537 3583 632 3637 tuum
644 3564 817 3665 confilium
829 3564 978 3660 exquiro.
992 3567 1068 3648 Re»,-

96 3672 416 3764 vafflloaffl
425 3671 619 3764 hiemum,
632 3696 674 3745 an
690 3673 849 3770 Arpinum
864 3669 1062 3769 (erpanta-
