2348 4238
411 178 711 265 tineus.
766 118 819 251 ¹..
951 204 1020 278 177

57 360 310 430 convenerunt,
324 364 409 443 quae
429 358 575 414 mentem
593 341 807 415 exturbarent
822 366 930 417 meam
946 368 955 412 :
971 342 1023 415 su·

46 452 294 563 'bita‘deseslio
320 451 498 549 Pompeii,
521 451 677 537 alienatio
703 451 897 553 consulum,
921 455 1024 529 etiarn

56 586 268 664 praetorum,
293 562 395 637 timor
425 561 705 658 publicanorum,
720 586 822 637 arma.
853 564 1025 663 lacrymae

55 698 213 748 meorum
225 696 281 744 me
295 672 339 745 ad
352 689 496 754 mortem
510 671 559 745 ire
572 670 834 768 prohibuerunt;
846 676 939 769 quod
952 672 1027 748 cer-

54 801 86 859 te
99 809 135 859 et
149 784 193 856 ad
212 781 440 872 honestatem,
459 799 492 854 et
511 780 553 854 ad
570 778 777 878 effugiendos
798 781 1027 858 intolerabiles

54 895 194 968 dolores
217 891 280 964 fuit
301 890 513 987 aptiffimum.
536 889 599 962 sed
621 889 662 962 de
682 888 872 985 bocscripsr
889 890 931 962 ad
944 893 1028 964 rein

36 989 39 993 ⁵
54 1030 95 1080 ca
107 1001 268 1102 epistola,
283 1026 384 1101 quam
396 998 572 1072 Phaetonti
582 997 673 1070 dedi.
687 999 786 1070 Nunc
801 1017 850 1088 tu,
866 1000 1036 1096 quoniam¹

55 1117 93 1193 io
106 1137 240 1189 tantum
258 1110 382 1187 ludum
403 1130 437 1185 et
459 1112 608 1185 laborem
629 1108 777 1183 detrusus
798 1133 850 1196 es,
865 1106 1028 1205 qitantum

53 1252 162 1302 nemo
181 1250 350 1333 unquam:
373 1227 396 1298 fi
414 1210 563 1299 releuare
578 1242 673 1321 potes
688 1247 903 1297 communem
916 1223 1030 1298 casum

54 1333 287 1411 misericordia
306 1333 506 1419 homimrm;
523 1332 645 1408 scilicet
658 1331 851 1405 incredibile
870 1332 1029 1428 quiddam

55 1442 249 1544 assequeris.
278 1441 326 1514 fin
347 1443 444 1540 plane
469 1443 678 1530 occidimus;
708 1442 796 1539 (me
817 1440 970 1515 miserum
986 1439 1029 1541 l')

56 1580 125 1657 ego
147 1552 306 1629 omnibus
325 1553 408 1627 meis
429 1555 532 1628 exitio
551 1553 672 1644 suero,
692 1554 813 1652 quibus
829 1573 904 1630 ante
927 1554 1029 1628 dede·

57 1664 136 1740 cori
163 1688 356 1751 noueram.
383 1663 447 1736 Sed
465 1686 520 1752 tu,
534 1681 571 1736 ut
590 1680 665 1735 ante
685 1664 727 1735 ad
750 1662 782 1736 te
803 1658 913 1760 scripsi
925 1669 1031 1759 ,per-

54 1775 151 1873 spice
160 1798 234 1846 rem
248 1790 282 1846 et
299 1780 470 1875 pertenta3
485 1790 519 1844 et
532 1773 658 1861 adme,
672 1788 709 1844 ut
721 1790 875 1868 tempora
896 1771 1030 1865 nostra,

59 1908 133 1969 non
153 1896 302 1955 ur'arnor
316 1894 392 1951 tuus
412 1877 497 1967 fert,
514 1906 595 1954 vere
615 1880 790 1977 perscribe.
816 1884 888 1977 Ego
903 1881 1032 1969 vitam,

58 1989 319 2093 quoad.purabo
332 2005 389 2058 tua
403 1986 553 2059 interesse
565 2041 576 2077 ,
590 2006 646 2059 aut
662 1987 704 2057 ad
724 1985 814 2082 spem
835 1987 1032 2059 servandam
1099 2029 1101 2032 >

60 2100 147 2188 elle,
162 2097 328 2175 retinebo.
351 2101 411 2166 Tu
422 2095 521 2167 nobis
538 2095 768 2166 amicissimum
782 2092 933 2166 Sextium
951 2119 1034 2192 cog·

62 2211 210 2284 nosces:
237 2210 338 2282 credo
361 2226 417 2282 tua
442 2203 536 2309 causa
559 2205 645 2279 velle
667 2202 864 2291 Lentulum,
891 2204 1034 2300 quierit

59 2319 196 2399 ¹consul.
217 2341 418 2420 quamquam
433 2317 506 2387 sunt
527 2316 609 2388 fadla
627 2315 740 2409 verbis
758 2313 953 2386 difficiliora.
977 2316 1035 2386 Tu

62 2445 97 2503 et
110 2428 197 2526 quid
206 2414 293 2523 opus
304 2426 341 2498 fir
349 2479 361 2512 ,
375 2443 408 2498 et
422 2425 502 2522 quid
516 2423 712 2512 srr‚·videbis
725 2424 877 2495 omnino.
892 2424 925 2494 Si
938 2441 1038 2497 tuam.

33 2632 40 2646 ο
64 2526 278 2609 solitudinem
303 2558 591 2629 communemque
604 2532 823 2606 calamitatem
846 2554 949 2605 nemo
971 2534 1033 2606 de·
1104 2538 1112 2547 '
1155 2630 1161 2637 ,

67 2645 213 2744 spexerit
226 2669 237 2731 3
252 2666 308 2717 aut
328 2670 389 2741 per
405 2662 437 2716 te
452 2641 574 2717 confici
589 2642 733 2742 aliquid,
746 2661 804 2716 aut
820 2643 913 2717 nullo
928 2645 1035 2719 modo

66 2756 205 2854 poterit.
221 2755 267 2829 sin
285 2774 318 2829 te
341 2781 477 2855 quoque
492 2753 618 2829 inimici
636 2782 757 2842 vexare
780 2757 976 2855 coeperint,
993 2780 1036 2835 ne

63 2863 206 2943 cessaris.
230 2888 299 2960 non
316 2865 406 2939 enim
420 2865 534 2962 gladiis
554 2883 690 2953 tecum,
708 2868 764 2939 sed
778 2869 887 2942 litibus
910 2889 1038 2968 agetur.

72 2977 203 3049 Verum
217 2975 298 3047 baec
313 2972 417 3057 absint
430 2974 543 3048 velim.
567 2976 619 3048 Te
632 2999 715 3064 oro,
728 2994 765 3048 ut
778 2977 821 3048 ad
834 3003 888 3050 me
902 2980 944 3052 de
957 3004 1037 3053 om·

66 3083 165 3162 nibus
183 3084 284 3157 rebus
302 3084 443 3174 scribas,
464 3087 549 3160 etin
564 3111 619 3158 me
639 3079 741 3167 animi
755 3086 867 3184 potius
885 3110 941 3164 aut
956 3115 1039 3165 con·

65 3193 126 3269 filii
145 3212 240 3290 putes
266 3195 381 3269 minus-
399 3195 481 3287 effe,
505 3198 742 3296 quamautea5
761 3202 884 3277 amoris
900 3227 986 3278 vero
1003 3221 1039 3281 et

66 3303 173 3381 officii
187 3330 260 3397 non
272 3307 392 3381 minus.
581 3324 585 3333 '

387 3528 753 3569 ιιι--ι-ιΙι--ι-ι-ή

118 3738 216 3810 Cicer.
245 3737 341 3834 Oper.
372 3722 442 3815 Vol
464 3741 541 3819 IXr
