2348 4238
320 78 459 152 taviano
480 80 559 152 deus
579 79 714 176 quidam
733 79 822 149 illam
844 98 990 152 mentem
1006 80 1164 172 dediffet,

320 174 467 262 testatam
481 189 685 283 perditiffimi
698 188 843 259 hominis
855 208 889 261 et
899 188 1073 285 turpiffimi
1086 192 1138 263 M.
1164 225 1169 233 ·

318 298 521 373 veniendum
541 298 659 383 fuerit3
674 323 821 396 quocum
835 298 930 370 vides
945 297 1011 370 hoc
1025 286 1174 395 tempar

221 399 227 405 ’
317 406 413 501 quod
426 405 485 495 fit,
499 425 727 504 quantumque
742 426 918 477 certamen.
935 405 972 475 ld
985 403 1144 500 profe&
1171 443 1174 470 .

317 518 416 608 effet,
428 518 487 590 nisa
500 538 573 591 tum
595 520 808 592 conservatus
833 517 912 593 effet
928 516 1109 617 Amonias.
1127 519 1162 587 S·

317 628 452 703 omitto.
478 656 531 704 res
556 632 647 704 enim
676 652 748 705 ate
768 632 856 728 gesta
883 629 1111 703 memorabilis
1128 650 1163 702 et

189 952 194 967 “
314 980 422 1060 nuper
430 963 527 1035 vultu
540 962 679 1036 severo:
690 965 872 1047 exercitum
883 961 1038 1058 ,copias,
1052 960 1167 1057 legion

313 1079 392 1142 n'eas
404 1086 463 1165 per
474 1091 507 1143 te
522 1071 617 1144 brevi
629 1090 783 1169 tempore
797 1069 1003 1167 comparasti.
1022 1064 1113 1143 Dii
1104 1096 1151 1141 xm

313 1175 382 1250 les!
396 1204 456 1275 qm
446 1178 521 1250 1lle
539 1180 687 1270 nuntius,
700 1205 785 1279 quae
808 1181 882 1253 illae
902 1179 1140 1276 literae,quae
1162 1181 1173 1250 1

138 1338 152 1349 -
192 1370 197 1378 ¹
313 1287 462 1393 seaatus,
476 1316 561 1389 quae
579 1290 726 1365 alacritas
752 1291 896 1366 civitatis
915 1289 1005 1364 erat!
1029 1290 1113 1361 nihil

313 1397 386 1473 vidi
398 1422 466 1473 tam
474 1400 627 1473 omnium
635 1401 849 1476 consenfione
862 1403 1041 1474 laudatum.
1052 1402 1164 1472 Erate

312 1499 396 1582 t'atia'
412 1510 623 1610 reliquiarum
643 1511 782 1585 Antonii
796 1536 807 1597 ;
822 1536 923 1610 quem
946 1510 1117 1608 equitatu,
1139 1509 1152 1580 l

266 1637 269 1643 '
311 1621 443 1720 busque
463 1646 581 1720 magna
601 1622 642 1696 e'x
661 1643 753 1720 parte
766 1620 931 1719 spoliaras.
945 1645 984 1693 ea
999 1645 1143 1718 quoque

312 1732 439 1805 exitum
452 1734 643 1829 optabilem.
657 1731 745 1805 Nam
758 1752 832 1806 tuae
841 1732 964 1821 literae,
980 1756 1065 1829 quae
1078 1730 1149 1804 reci
1171 1784 1174 1794 .

312 1840 425 1916 senatu
438 1839 529 1930 sunt,
541 1865 574 1917 et
585 1843 795 1939 imperatoris
807 1841 998 1930 confilium,
1012 1860 1047 1913 et
1060 1840 1171 1912 militu

296 1967 434 2044 autem,
448 1973 482 2025 et
506 1952 697 2026 industriam
722 1962 876 2037 tuorum,
897 1951 933 2023 in
959 1949 1081 2046 quibus
1103 1950 1168 2024 Cic

311 2063 378 2136 mei
390 2117 402 2153 ,
413 2064 588 2138 declarant.
608 2065 740 2159 Quodfi
760 2062 822 2136 tuis
836 2061 1027 2160 placuiffet,
1042 2062 1085 2134 de
1104 2061 1156 2134 his
