2348 4238
232 278 236 285 -
331 232 725 340 ttnnnxut.
947 258 1011 329 ,μ

72 396 203 471 >aesario
218 395 352 489 decreta
370 414 406 465 et
428 392 610 491 responsa,
632 380 702 467 tlon
721 394 830 466 dicam
853 419 1017 493 compro-

72 532 109 582 tes
121 562 133 597 ,
147 506 208 615 ¹secl
220 498 365 578 sttffiiose
376 503 582 601 libenterque
598 506 812 601 comprobes.
822 504 867 577 id.
878 504 961 579 milri
974 501 1018 578 lic

72 619 113 691 *tit
125 616 280 717 gratum,
301 631 339 688 ut
358 613 512 717 uallares
531 613 657 710 gratior
670 613 734 686 effe
748 608 857 710 poffit.
875 614 932 687 etfi
950 615 1017 688 iam

72 730 250 829 octabam,
270 753 346 801 cum
362 722 420 803 lr'as
433 728 541 799 literas
555 724 759 820 zuetepulco,
786 724 880 815 fore,
902 743 939 821 ut
958 750 1021 817 ete,

72 865 135 937 luae
157 838 387 936 superioribus
405 836 541 908 literisa
560 852 593 906 te
605 824 829 937 netiillemus',
847 837 1021 936 impetrata

72 950 177 1037 effent3
198 968 311 1037 tamen
325 974 395 1020 nou
407 947 529 1033 ¹faciam
545 943 647 1017 finem
661 946 819 1042 rogandi,
834 945 949 1044 quoad
959 970 1021 1016 no·

72 1062 105 1134 ris
119 1060 311 1134 nuntiatum
326 1058 409 1148 etit,
436 1081 470 1131 te
481 1057 515 1129 id
528 1054 637 1129 secisse
652 1081 662 1139 3
687 1056 782 1154 quod
804 1081 923 1153 magna
941 1080 1020 1131 cum

72 1171 111 1267 ”pe
124 1171 361 1268 exspoliamus.
389 1168 508 1242 deinde
526 1166 616 1240 enim
637 1165 775 1238 confido
790 1165 863 1237 sore
879 1165 1022 1254 ,utalio

72 1306 174 1378 genere
197 1282 365 1353 literarum
389 1298 523 1352 utamur
537 1274 702 1378 rubique
728 1301 792 1374 pro
814 1295 873 1347 tuo
892 1276 1025 1349 summo

72 1393 222 1467 ›eneficio
237 1393 355 1490 gratias
368 1416 512 1490 agamus,
527 1391 620 1490 quod
639 1390 662 1460 fi
676 1388 849 1477 acciderit,
862 1389 966 1463 velim
977 1390 1021 1462 fic

72 1505 244 1593 uristimes,
271 1529 341 1576 non
355 1505 417 1577 tibi
442 1524 511 1575 tam
532 1500 703 1591 Atticum,
726 1501 821 1573 cuius
842 1524 1022 1598 permagna

72 1639 106 1689 es
120 1615 255 1713 agitur,
270 1637 369 1710 quam
383 1636 437 1685 me
452 1668 465 1701 ‚
481 1611 539 1710 qui
554 1636 624 1683 non
638 1612 745 1684 minus
764 1612 905 1700 laboro,
919 1639 1021 1713 quam

72 1729 128 1822 le,
152 1729 338 1826 obligatum
360 1723 445 1801 fore.
461 1725 555 1798 Vale.

109 1952 112 1957 ,
223 1869 459 1943 CICERO
493 1869 926 1943 CAPITONIS.

72 1968 225 2146 NON
240 2065 358 2143 dubito
374 2119 385 2155 ,
408 2063 489 2162 quin
503 2063 646 2155 mirere,
672 2081 769 2163 atque
791 2064 890 2136 etiam
903 2063 1024 2138 stoma·

72 2180 175 2266 ltere,
202 2176 296 2273 quod
311 2196 423 2248 tecum
437 2175 479 2247 de
500 2175 617 2247 eadem
637 2199 672 2247 re
685 2188 781 2270 agam
796 2175 932 2273 saepius.
949 2179 1027 2250 Ho-

72 2291 157 2364 rinis
170 2287 410 2360 familiarissimi
430 2339 441 2375 ‚
456 2285 585 2359 etmihi
598 2286 755 2358 omnibus
769 2281 866 2359 rebus
881 2290 1024 2361 coniun-

72 2401 215 2486 tiffimi,
234 2423 412 2497 permagna
435 2424 487 2471 res
504 2400 634 2496 agitur,
652 2399 761 2471 Attici.
791 2401 940 2496 cognovi
955 2427 1021 2498 ego

72 2539 107 2586 ta
121 2509 234 2583 studia
250 2509 284 2579 in
299 2511 442 2596 amicos,
472 2508 571 2580 etiam
604 2508 639 2579 in
660 2530 694 2581 te
718 2509 913 2585 amicorum.
936 2511 1025 2584 mul*

72 2646 125 2694 rm
144 2637 243 2714 potes
261 2621 323 2714 rios
336 2617 422 2712 apud
437 2616 592 2688 Plancum
617 2615 742 2688 iuvare.
768 2615 853 2689 novi
870 2596 1024 2690 humani-

72 2754 160 2805 ttem
176 2743 280 2799 tuam.
300 2725 391 2816 scio,
416 2752 515 2823 quam
536 2726 576 2799 sis
592 2727 706 2798 amicis
720 2726 892 2817 iucundus.
925 2752 1027 2801 nemo

72 2866 115 2914 os
137 2839 177 2910 in
200 2836 263 2909 hac
286 2835 383 2908 causa
403 2836 477 2933 plus
498 2837 612 2913 iuvare
635 2836 767 2933 potest,
792 2863 891 2934 quam
915 2857 961 2913 tu.
984 2861 1026 2915 ‘et
1117 2878 1122 2901 ·

72 2978 104 3027 es
128 2951 179 3022 ita
194 2945 243 3018 est
257 2943 376 3035 firma,
399 2936 441 3015 =ut
465 2944 563 3015 debet
584 2942 671 3031 elle,
697 2955 800 3039 quam
814 2945 964 3019 consules
982 2949 1024 3020 de

72 3059 190 3138 onfilii
203 3055 362 3130 sententia
377 3056 614 3141 decreverunt,
630 3079 707 3125 cum
720 3071 754 3125 et
766 3052 865 3152 lege,
887 3081 920 3131 et
931 3061 1027 3130 sena-

72 3164 271 3255 reconsulto'
283 3148 533 3262 cognoscerent.
564 3174 676 3237 tamen
690 3161 803 3234 omnia
791 3164 921 3259 pofita
936 3186 1028 3265 puta·

72 3305 135 3356 nus
152 3279 191 3351 in
212 3274 325 3362 Planci
344 3273 392 3346 tui
410 3271 646 3346 liberalitate:
653 3296 755 3369 quem
776 3264 912 3370 quidem
934 3277 1028 3350 arbi·

72 3411 193 3466 ramur
208 3411 284 3459 cum
297 3368 403 3458 officii
416 3383 486 3474 sui,
498 3401 532 3456 et
543 3383 741 3478 reipublicae
753 3385 846 3456 causa
856 3388 1030 3463 decretum

73 3498 239 3574 onsulum
252 3495 564 3592 comprobaturum,
577 3512 649 3566 tum
663 3493 801 3567 libenter
815 3497 924 3571 nostra
935 3502 1027 3576 causa
1042 3494 1045 3500 ’

72 3610 126 3683 ffe
149 3604 327 3679 faettuum.
357 3603 530 3689 adiuvabis
555 3603 680 3700 igitur,
706 3592 754 3674 mi
770 3606 910 3700 Capito:
933 3611 1028 3709 quod

72 3715 244 3807 reficias,
263 3713 478 3791 vehementer
495 3710 703 3810 etiamatque
717 3710 816 3784 etiam
827 3737 926 3813 rogo.
