2362 4238
175 247 256 371 pl
416 272 898 348 sntcunurs

172 416 283 529 tentiis
296 450 353 507 aut
363 435 510 534 acutior,
536 460 592 508 aut
606 436 778 509 crebrior?
798 440 873 537 quis
890 439 1004 515 verbis
1018 457 1075 516 aut
1084 457 1132 517 or

80 554 84 563 '
173 547 650 643 natior,autelegant10rl

108 663 150 717 ’.
223 649 448 749 Manca)
474 653 592 748 Neque
611 650 698 722 enim
714 651 896 751 quidquam
912 652 1001 728 aliud
1024 655 1070 728 est
1083 655 1129 730 fe
1175 739 1177 743 v

113 756 116 762 Α
172 763 303 850 licitas,
322 761 380 832 nisi
401 758 609 832 honestatam
629 770 740 833 retum
763 762 983 860 prosperitas;
1005 765 1081 854 vel,
1101 784 1130 837 ut

173 874 239 946 alio
254 871 357 941 modo
376 867 543 959 definiam,
560 852 713 942 Felicitas
737 870 783 942 ell
808 870 968 961 fortuna,
994 870 1130 949 adiutrix

173 982 387 1059 confiliorum
403 979 571 1050 bonorum
587 1005 596 1049 ι
614 979 733 1079 quibus
747 981 807 1077 qui
821 1006 892 1053 non
905 982 1034 1071 utitur,
1062 984 1129 1055 felix

174 1095 267 1170 nullo
281 1093 378 1189 pallo
396 1089 460 1163 elle
478 1086 596 1187 potest.
630 1086 722 1187 Er'go
745 1091 781 1162 in
798 1092 942 1188 perditis
963 1093 1134 1191 impiisque

173 1205 338 1293 consiliis,
356 1202 476 1302 quibus
489 1203 607 1274 Caesar
623 1201 698 1274 usus
713 1221 806 1292 erat,
828 1204 915 1274 nulla
943 1207 1059 1301 potuit
1075 1206 1132 1280 elle

79 1328 84 1337 ‘
171 1317 334 1391 felicitas:
357 1314 553 1410 feliciorque
566 1337 646 1386 meo
663 1312 790 1393 iudicio
802 1313 964 1387 Camillus
976 1317 1136 1406 exsulans,

172 1453 270 1528 quam
285 1424 492 1522 temporibus
505 1424 624 1497 iisdem
639 1425 783 1497 Manlius
796 1477 810 1513 ,
832 1421 979 1517 etiamst,
996 1426 1034 1499 id
1047 1429 1134 1527 quod

51 1550 55 1554 ’
172 1534 340 1633 cupierat,
357 1558 498 1632 regnare
515 1533 679 1630 potuisset.
745 1568 750 1593 ι

238 1669 987 1792 Διῡοοηηωψφψωι

129 1836 136 1867 ¹
172 1838 192 1889 ='
221 1835 257 1907 N
263 1855 334 1908 οΝ.
346 1830 493 1933 Dieare.)
507 1833 647 1907 Balbum
668 1834 784 1932 quanti
799 1835 946 1926 faciam,
972 1860 1136 1936 quamque

75 2039 78 2044 ,
174 1955 270 2045 eliae
282 1971 390 2028 totum
401 1953 589 2046 dicaverim
605 1978 672 2041 ‚en
684 1953 764 2053 ipso¹
778 1953 869 2026 scies.

16 2136 19 2143 ,
81 2089 84 2092 ·
223 2065 337 2135 ΝΟΝ.
354 2062 518 2154 Consequi.
528 2059 669 2158 Honor.)
692 2062 783 2132 Tum
793 2087 868 2133 cum
882 2086 937 2153 ea,
952 2078 1038 2161 qua'e
1050 2088 1085 2137 es
1100 2061 1139 2135 ab

174 2169 289 2240 senatu
306 2168 439 2239 summo
454 2191 531 2256 cum
551 2167 683 2237 honore
708 2167 912 2247 consecutus.
936 2179 939 2184 ⁴
991 2240 995 2247 ,

198 2285 200 2290 ’
221 2279 256 2348 Ν
265 2298 338 2350 οΝ.
356 2273 584 2374 Improbum.)
615 2277 730 2350 Debes
755 2278 860 2352 odisse
890 2282 1140 2379 improbitatem
1173 2276 1177 2353 l

173 2387 265 2474 eim,
286 2388 363 2485 quia
388 2385 704 2484 impudentiffimum
726 2413 849 2461 nomen
864 2391 1033 2490 delegeril.
1103 2408 1114 2431 ⁶

223 2498 336 2569 Nou.
357 2493 475 2592 Tueri.)
499 2501 547 2569 Ut
559 2494 657 2569 sciret
675 2497 803 2571 maiore
817 2523 896 2621 cura
914 2501 1039 2572 tuenda
1052 2498 1140 2589 elle,

175 2624 262 2703 quae
277 2621 373 2700 parta
387 2604 470 2676 sunt.
973 2638 976 2644 ·

454 2730 517 2797 Ad
530 2731 713 2797 eundemz
668 2694 747 2830 epist
754 2733 808 2799 lib.
822 2733 862 2823 Il,

222 2862 337 2937 NON.
351 2854 491 2958 Locare.)
516 2863 633 2934 Velr
598 2863 692 2960 quod
715 2863 841 2938 locatio
855 2864 924 2961 1psa
937 2863 1092 2962 pretiosa.

224 2985 339 3058 NON.
353 2982 497 3082 Putate.)
509 2987 627 3078 ,Quod
642 2986 802 3084 sapientes
825 2989 980 3061 homines
1002 3014 1042 3062 ac
1060 2985 1133 3063 boni

41 3160 45 3175 ἶ
179 3112 305 3192 putant.
349 3152 356 3156 -

224 3206 377 3277 anrs.
397 3208 477 3279 libr
482 3205 519 3299 .)
549 3207 667 3306 Neque
682 3233 745 3306 pro
761 3228 859 3283 cauto
879 3235 917 3283 ac
933 3207 1132 3310 diligentes

176 3311 288 3387 eastris
308 3315 484 3388 continuit.

125 3434 126 3437 ’
151 3435 153 3439 ’
225 3424 342 3498 NON.
354 3430 541 3499 Mourimene
530 3453 605 3499 rm
597 3471 626 3525 ,χ
621 3428 710 3503 Sed
729 3456 810 3528 ego,
824 3408 908 3530 quae
926 3429 1131 3507 monumenti

176 3555 262 3610 rano
274 3538 335 3627 fit
353 3559 488 3613 nomme
497 3540 569 3638 ipso
584 3543 778 3615 admoneor.
795 3545 838 3615 ad
854 3546 1052 3618 memoriam
1066 3570 1133 3616 ma·
1167 3563 1177 3619 ι

176 3641 226 3753 gis
242 3645 384 3750 spellare
405 3648 503 3750 debet
522 3650 742 3748 posteritatis,
773 3678 874 3799 quam
896 3656 940 3728 ad
963 3653 1136 3767 praesentis

160 3759 339 3857 >temporis
351 3778 500 3879 granam
1006 3851 1008 3856 y
1170 3764 1177 3837 l
