2348 4238
182 299 254 377 ,n
430 272 901 347 serenasse

232 443 424 533 Comparare.
436 434 499 534 ).*
521 408 700 509 Neminem
718 432 791 509 tibi
797 434 958 530 profesio
970 433 1132 509 hominem
1157 438 1160 485 ²

180 573 225 623 cx
243 547 399 620 omnibus
418 564 473 629 ειμι
496 543 758 642 anteposuisieui
766 568 941 641 unquam,
967 564 1027 619 aut
1047 545 1131 619 etiam

65 650 68 661 ¹
180 656 433 754 comparassem.

228 772 394 861 Expedite
395 767 416 861 )
441 769 491 838 Ex
502 765 618 839 ceteris
633 783 742 837 aurem
747 696 938 860 geiseribus
947 782 1031 839 tunc
1039 788 1128 862 pecu·

177 879 233 951 nia
251 876 469 973 expedietur,
491 900 568 947 cum
593 873 790 969 legionibus
800 871 1002 955 muricibus
1023 890 1126 963 munt,

176 1010 262 1084 quae
276 982 538 1081 spopondimus
560 979 814 1076 persolvenda.
873 1040 876 1045 .

227 1092 412 1185 confertum
414 1090 435 1185 )
461 1092 497 1158 [n
511 1086 648 1183 singulas
661 1061 1125 1185 tegulasimpofitissexcenris,

175 1200 355 1276 sexcenties
376 1196 499 1273 confici
519 1194 621 1295 posse.

224 1316 352 1385 Ducere
355 1312 376 1407 )
400 1314 453 1383 Ne
475 1332 527 1381 res
549 1301 911 1394 duceretur,fcc1mus
931 1330 972 1383 ut
984 1304 1127 1380 Heras&

174 1421 362 1497 Antianus
353 1446 389 1492 ιιι
404 1418 505 1490 alium
519 1416 632 1488 locum
646 1411 890 1488 transferretur.
960 1428 966 1457 ¹

224 1527 409 1625 Involvere.)
430 1527 495 1601 Sed
511 1516 613 1626 quod
619 1523 746 1599 viderer
757 1523 897 1633 nomine
910 1526 1005 1623 pacis
1016 1525 1123 1665 bellem

173 1645 363 1719 involutum
382 1638 468 1710 sore.
565 1714 568 1719 ,

222 1753 396 1877 Ignoscere,
415 1773 454 1820 ac
475 1750 641 1819 ιοιιιιλιιι.
653 1745 672 1840 )
696 1745 802 1839 Quod
819 1697 908 1820 mihi
930 1766 963 1820 et
985 1747 1124 1873 Philippo

171 1864 384 1943 vacationem
401 1860 479 1944 das,
499 1857 550 1929 bis
573 1857 711 1953 gaudeo
733 1880 809 1929 nam
832 1876 867 1931 et
884 1856 1123 1956 praeteririsig·

130 2030 138 2043 .
173 1971 302 2059 noscis,
318 1985 352 2040 et
363 1965 519 2043 concedis
533 1965 651 2038 futura
1160 1962 1163 1973 '

220 2082 332 2149 Ferox.
333 2078 354 2172 )
378 2080 490 2173 iraque
506 2097 653 2162 vereor,
650 2092 714 2145 ne
734 2071 942 2183 ferociorem
955 2105 1035 2154 eum
1049 2075 1121 2152 faci·

173 2207 230 2261 atu
242 2207 298 2260 rua
312 2207 379 2259 ram
394 2181 560 2281 praeclara
582 2182 623 2254 de
635 2207 678 2255 eo
694 2182 822 2257 iudicia.

436 2362 497 2460 Ad
516 2361 644 2429 cundem
661 2359 746 2452 epist.
770 2362 819 2431 lib.
830 2362 869 2432 H.

220 2521 344 2594 Omnia
357 2549 397 2590 ex
420 2517 586 2590 NON10.
610 2519 777 2611 Irtsulfitm.
791 2518 812 2611 )
848 2520 913 2592 Sed
935 2521 983 2594 ita
1003 2524 1121 2596 locutus
1160 2596 1165 2615 ⁸

171 2629 286 2703 insuse
304 2629 373 2715 esi,
393 2649 431 2703 ut
457 2629 579 2700 mirum
598 2627 724 2702 senatus
741 2629 936 2702 convicium
953 2632 1119 2729 exceperit.
1158 2628 1165 2645 ⁴

220 2741 376 2834 Ignavum
390 2738 527 2831 etsegne.
533 2740 551 2829 )
570 2740 605 2808 in
620 2762 689 2834 quo
700 2761 758 2810 tua
768 2762 821 2808 me
831 2741 1041 2834 provocavit
1053 2765 1120 2812 ora·

169 2850 246 2935 sio,
271 2873 344 2920 mea
359 2845 533 2919 consecuta
548 2845 596 2919 est
615 2845 729 2943 segnis.
773 2930 776 2935 ¹

223 2954 432 3054 Considunt.)
459 2957 603 3042 Bellum,
621 2956 791 3063 utlopinio
805 2982 876 3029 mea
891 2954 980 3046 fert,
995 2983 1038 3031 ex
1050 2983 1121 3031 con·

171 3071 263 3143 sensu
288 3067 432 3141 civitatis
456 3066 644 3139 confesium
672 3065 737 3137 iam
763 3067 972 3140 haberemus.

187 3219 190 3225 ·
234 3176 401 3279 Constat.)
427 3179 516 3250 Cum
540 3176 695 3263 constet,
718 3175 889 3247 Caesarem
917 3176 1077 3273 Lupercis
1093 3174 1121 3248 id
1155 3158 1167 3226 3

169 3289 310 3386 vesiigai
324 3285 468 3373 dedisse,
492 3287 549 3383 qui
565 3306 639 3359 ante
662 3302 791 3381 poterat
805 3285 840 3357 id
853 3284 1006 3357 constare
1019 3286 1033 3357 i

178 3395 383 3495 Deiiccrc)
402 3397 500 3469 Adest
517 3398 617 3470 Albae
631 3397 824 3494 nescioquis
838 3398 1002 3472 Claudius
1006 3422 1120 3498 ,quern
1154 3402 1167 3447 ί

171 3532 247 3580 cum
261 3506 385 3580 restitui
405 3503 552 3596 iussisset,
569 3512 707 3619 Ancone
722 3531 799 3580 cum
813 3532 857 3579 eo
869 3507 1017 3584 deiesms
1030 3509 1076 3586 est
1088 3531 1121 3582 ex

170 3614 463 3691 senatusconsulto.

218 3727 391 3835 Insulam.)
371 3726 550 3820 )lnsolens
558 3751 755 3829 ‚arrogans⁴
773 3723 903 3807 iasim-

813 3870 825 3902 0

72 3780 110 3980 i
