2348 4238
388 188 734 317 ''nrrrut
980 242 1046 349 ut

84 409 175 506 guod
189 407 313 483 eodem
329 433 481 504 tempore
504 405 570 481 else
589 404 805 502 intelligerem
824 405 925 491 etiam
942 406 1052 484 fortu-

84 543 144 590 nae
166 519 368 615 potestatem
388 521 425 589 in
442 542 505 590 nos
528 535 753 614 prorogatam.
787 516 886 593 Nunc
906 540 992 594 vero
1012 544 1052 594 ea

84 651 159 725 pars
170 629 241 702 'tibi
259 627 459 724 reipublicae
486 625 658 703 commissa
672 625 737 714 ell,
754 625 790 698 in
809 650 875 726 qua
897 648 953 702 aut
975 634 1054 703 nul-

84 736 174 831 lam,
195 754 254 808 aut
273 737 628 833 perexiguampartem
645 733 778 807 fortuna
796 754 907 828 tenet,
920 756 954 812 et
967 762 1054 837 quae

84 845 168 917 milti
187 863 262 917 tota
274 844 309 916 in
323 861 380 917 tua
392 847 518 919 virtute
531 869 570 919 ac
585 842 818 917 moderatione
831 846 932 922 animi
947 847 1054 943 polita

84 954 150 1028 effe
167 954 331 1028 videatur.
357 952 492 1053 Nullas,
511 969 548 1026 ut
564 950 711 1048 opinor,
731 950 862 1026 insidias
884 953 1056 1052 hostium,

83 1064 209 1136 millam
231 1058 352 1159 proelii
376 1060 654 1147 dimicationem,
678 1058 800 1130 nullam
827 1060 1050 1143 defedionem

83 1177 281 1264 sociorum,
302 1174 424 1245 nullam
449 1173 599 1269 inopiam
628 1170 808 1267 stipendii,
824 1192 881 1249 aur
903 1179 952 1252 rei
978 1178 1051 1252 fru.

83 1285 288 1372 memmiae,
308 1282 432 1359 nullam
450 1280 647 1355 seditionem
667 1276 830 1356 exercitus
845 1285 1052 1383 pertimesci.

83 1408 185 1463 mus:
209 1413 296 1488 quae
317 1388 473 1485 persaepe
493 1385 730 1483 sapientiliimis
745 1386 827 1461 viris
841 1390 1055 1485 accidertmt,

83 1519 147 1590 ut,
170 1497 458 1598 quemadmodum
479 1498 717 1595 gubernatores
733 1498 854 1594 optimi
872 1499 943 1573 vim
967 1500 1056 1576 rem-

83 1606 240 1705 peitatis,
254 1605 299 1677 src
311 1605 357 1676 illi
370 1604 526 1679 fortunae
539 1604 698 1702 impetum
718 1606 871 1702 superare
886 1633 957 1682 non
972 1612 1054 1706 pos·

83 1718 169 1790 lent.
194 1714 276 1789 Tibi
298 1716 372 1789 data
395 1713 444 1788 est
463 1715 588 1788 summa
611 1722 710 1810 pax,
719 1716 846 1789 summa
864 1720 1061 1818 tranquilli--

84 1848 157 1899 tas:
173 1826 222 1897 ita
242 1844 375 1911 tamen,
387 1841 424 1896 ut
442 1848 481 1896 ea
494 1823 715 1901 dormientem
728 1826 984 1922 gubernatorem
997 1832 1055 1905 vel

84 1937 252 2026 obruere,
264 1934 455 2031 vigilantem
477 1934 577 2007 etiam
600 1935 764 2008 deleelare
784 1936 893 2031 poffit.
913 1939 1056 2018 Constat

84 2045 178 2118 enim
205 2069 244 2117 ea
271 2043 447 2140 provincia
481 2042 628 2139 primum
652 2068 695 2116 ex
721 2058 765 2116 eo
794 2069 912 2142 genere
939 2047 1057 2131 sociae

85 2178 186 2243 rum,
213 2156 308 2250 quod
331 2152 379 2225 est
405 2178 447 2226 ex
470 2151 646 2226 bominum
667 2152 766 2227 omni
790 2178 910 2251 genere
933 2155 1056 2231 huma«.-

87 2262 284 2336 niffimum:
311 2260 432 2333 deinde
452 2285 495 2331 ex
519 2285 563 2334 eo
581 2285 701 2358 genere
727 2262 876 2349 civium,
894 2265 954 2362 qui¹
974 2288 1058 2357 aut,

85 2374 185 2472 quod
205 2369 372 2468 publicani
397 2369 492 2460 sunt,
512 2394 574 2444 nos
597 2373 724 2453 summa
749 2373 983 2449 neceffitudine
1005 2395 1057 2450 at·

87 2483 248 2577 tingunt;
271 2498 350 2570 aut,
374 2477 468 2577 quod
489 2477 534 2550 ita
557 2479 791 2576 negotiantur,
815 2502 854 2555 ut
877 2480 1059 2594 locuplete,

87 2590 171 2681 fint,
194 2586 298 2662 nollri
320 2589 505 2663 consulatus
532 2585 697 2663 beneficio
717 2588 749 2662 se
774 2589 957 2666 incolumes
982 2591 1059 2671 for·
1128 2648 1131 2655 .

87 2718 186 2773 mnas
210 2698 329 2772 habere
349 2697 576 2771 arbitramur.-
591 2701 636 2771 m
661 2696 751 2773 enim
775 2697 861 2772 inter
886 2697 951 2776 hos
969 2701 1059 2801 ipsos
1078 2724 1100 2772 2

88 2809 248 2884 exfistunt
262 2834 380 2907 graves
394 2808 660 2899 controversiae,
680 2808 802 2884 multae
817 2811 993 2887 nascuntur
1006 2811 1057 2887 in·

89 2920 218 3011 iuriae,
242 2931 379 3014 magnae
404 2918 636 2991 contentiones
663 2916 916 3021 consequuntur,
950 2920 1055 3014 Quali
1153 2985 1156 2991 .

88 3050 178 3101 vero
193 3048 260 3124 ego
276 3025 312 3098 id
331 3043 464 3122 putem,
483 3050 553 3098 non
573 3047 606 3099 te
628 3022 831 3123 aliquantum
855 3030 983 3124 negotii
1003 3029 1058 3103 lu·

89 3133 224 3209 llinere.
237 3135 407 3232 intelligo,
421 3159 637 3230 permagnum
650 3134 717 3207 elle
730 3135 926 3233 negotium,
940 3161 974 3213 et
986 3165 1058 3218 mu·

90 3247 176 3322 ximi
199 3244 338 3320 consilii.
361 3244 417 3316 sed
433 3257 627 3334 memento,¹
641 3240 770 3317 conlilii
790 3269 845 3317 me
866 3243 934 3320 hoc
951 3271 1060 3344 nego·

92 3360 179 3432 tium
201 3352 267 3429 elle
293 3353 613 3450 magisaliquanto,
637 3378 738 3452 quam
761 3349 940 3441 fortunae,
960 3373 1058 3453 puta·

92 3490 141 3540 re.
167 3464 264 3558 Quid
285 3463 332 3537 est
352 3463 441 3535 enim
464 3462 618 3560 negotii,
642 3461 818 3536 continere
839 3486 921 3554 eos,
939 3467 1060 3562 quibus

93 3568 274 3670 praesis,sr
296 3587 329 3640 te
349 3569 417 3664 ipse
437 3568 630 3642 contineas?
659 3570 696 3641 ld
716 3593 824 3646 autem
844 3568 882 3644 stt
901 3597 1058 3672 magnum

95 3679 274 3755 etdifficile
295 3678 431 3763 ceteris,
443 3678 525 3751 licut
544 3677 592 3751 ell
605 3675 860 3761 difficillimum:
879 3678 941 3755 tibi
954 3702 988 3759 et
1001 3682 1062 3761 fuit
1088 3746 1090 3750 2

171 3780 265 3878 Cicer.
291 3778 385 3870 Oper.
401 3780 436 3846 V
433 3781 474 3877 ol.
488 3775 559 3847 IX.
836 3776 873 3850 K
887 3781 889 3785 ’

1025 3962 1029 3971 ’
1086 3958 1149 4003 Ι
