<?xml version="1.0" encoding="UTF-8"?>
<!DOCTYPE html PUBLIC "-//W3C//DTD XHTML 1.0 Transitional//EN"
    "http://www.w3.org/TR/xhtml1/DTD/xhtml1-transitional.dtd">
<html xmlns="http://www.w3.org/1999/xhtml" xml:lang="en" lang="en">
 <head>
  <title>
</title>
<meta http-equiv="Content-Type" content="text/html;charset=utf-8" />
  <meta name='ocr-system' content='tesseract 3.04.00' />
  <meta name='ocr-capabilities' content='ocr_page ocr_carea ocr_par ocr_line ocrx_word'/>
</head>
<body>
  <div class='ocr_page' id='page_1' title='image "./mtulliiciceroni02plutgoog/mtulliiciceroni02plutgoog_0163.png"; bbox 0 0 2348 4238; ppageno 0'>
   <div class='ocr_carea' id='block_1_1' title="bbox 82 152 1074 335">
    <p class='ocr_par' dir='ltr' id='par_1_1' title="bbox 82 152 1074 335">
     <span class='ocr_line' id='line_1_1' title="bbox 82 152 1074 335; baseline -0.012 -50"><span class='ocrx_word' id='word_1_1' title='bbox 82 211 155 285; x_wconf 46' lang='grc' dir='ltr'>γιει</span> <span class='ocrx_word' id='word_1_2' title='bbox 233 203 559 283; x_wconf 78' lang='lat' dir='ltr'>mtsronnnuu</span> <span class='ocrx_word' id='word_1_3' title='bbox 579 207 650 280; x_wconf 79' lang='lat' dir='ltr'>to·</span> <span class='ocrx_word' id='word_1_4' title='bbox 669 207 716 303; x_wconf 75' lang='lat' dir='ltr'>q.</span> <span class='ocrx_word' id='word_1_5' title='bbox 735 152 963 335; x_wconf 65' lang='lat' dir='ltr'>narratur</span> <span class='ocrx_word' id='word_1_6' title='bbox 1070 264 1074 273; x_wconf 87' lang='lat'><em>.</em></span> 
     </span>
    </p>
   </div>
   <div class='ocr_carea' id='block_1_2' title="bbox 15 365 1082 3004">
    <p class='ocr_par' dir='ltr' id='par_1_2' title="bbox 15 365 1082 3004">
     <span class='ocr_line' id='line_1_2' title="bbox 79 365 1039 469; baseline -0.003 -22"><span class='ocrx_word' id='word_1_7' title='bbox 79 371 162 447; x_wconf 86' lang='lat' dir='ltr'>dum</span> <span class='ocrx_word' id='word_1_8' title='bbox 174 365 678 460; x_wconf 53' lang='lat' dir='ltr'>&#39;existimationibusaciudiciim</span> <span class='ocrx_word' id='word_1_9' title='bbox 697 372 758 469; x_wconf 89' lang='lat' dir='ltr'>qui</span> <span class='ocrx_word' id='word_1_10' title='bbox 767 372 964 467; x_wconf 73' lang='lat' dir='ltr'>nuncium,</span> <span class='ocrx_word' id='word_1_11' title='bbox 977 372 1039 444; x_wconf 79' lang='lat' dir='ltr'>lro·‘</span> 
     </span>
     <span class='ocr_line' id='line_1_3' title="bbox 79 469 1037 581; baseline -0.002 -25"><span class='ocrx_word' id='word_1_12' title='bbox 79 481 331 570; x_wconf 83' lang='lat' dir='ltr'>minum,sediis</span> <span class='ocrx_word' id='word_1_13' title='bbox 340 479 450 565; x_wconf 83' lang='lat' dir='ltr'>etiarn,</span> <span class='ocrx_word' id='word_1_14' title='bbox 464 479 524 576; x_wconf 88' lang='lat' dir='ltr'>qui</span> <span class='ocrx_word' id='word_1_15' title='bbox 537 469 640 551; x_wconf 82' lang='lat' dir='ltr'>futuri</span> <span class='ocrx_word' id='word_1_16' title='bbox 650 479 743 552; x_wconf 84' lang='lat' dir='ltr'>sunt:</span> <span class='ocrx_word' id='word_1_17' title='bbox 754 506 959 581; x_wconf 76' lang='lat' dir='ltr'>quamqtum</span> <span class='ocrx_word' id='word_1_18' title='bbox 971 483 1037 554; x_wconf 86' lang='lat' dir='ltr'>illo·</span> 
     </span>
     <span class='ocr_line' id='line_1_4' title="bbox 75 590 1035 681; baseline 0 -16"><span class='ocrx_word' id='word_1_19' title='bbox 75 615 153 681; x_wconf 82' lang='lat' dir='ltr'>rum</span> <span class='ocrx_word' id='word_1_20' title='bbox 163 593 235 665; x_wconf 86' lang='lat' dir='ltr'>erit·</span> <span class='ocrx_word' id='word_1_21' title='bbox 244 591 357 664; x_wconf 87' lang='lat' dir='ltr'>verius</span> <span class='ocrx_word' id='word_1_22' title='bbox 372 590 530 663; x_wconf 89' lang='lat' dir='ltr'>iudicium</span> <span class='ocrx_word' id='word_1_23' title='bbox 545 641 558 677; x_wconf 90' lang='lat'>,</span> <span class='ocrx_word' id='word_1_24' title='bbox 581 591 873 665; x_wconf 64' lang='lat' dir='ltr'>obtrectationem</span> <span class='ocrx_word' id='word_1_25' title='bbox 887 593 1035 667; x_wconf 87' lang='lat' dir='ltr'>malevo-</span> 
     </span>
     <span class='ocr_line' id='line_1_5' title="bbox 73 699 1035 802; baseline 0.006 -30"><span class='ocrx_word' id='word_1_26' title='bbox 73 699 173 774; x_wconf 85' lang='lat' dir='ltr'>lentia</span> <span class='ocrx_word' id='word_1_27' title='bbox 184 701 366 774; x_wconf 87' lang='lat' dir='ltr'>liberatum.</span> <span class='ocrx_word' id='word_1_28' title='bbox 391 700 550 798; x_wconf 83' lang='lat' dir='ltr'>Denique</span> <span class='ocrx_word' id='word_1_29' title='bbox 563 699 641 772; x_wconf 92' lang='lat' dir='ltr'>illud</span> <span class='ocrx_word' id='word_1_30' title='bbox 655 701 754 774; x_wconf 87' lang='lat' dir='ltr'>etiam</span> <span class='ocrx_word' id='word_1_31' title='bbox 769 703 870 776; x_wconf 76' lang='lat' dir='ltr'>debes</span> <span class='ocrx_word' id='word_1_32' title='bbox 883 703 1035 802; x_wconf 75' lang='lat' dir='ltr'>cogitare,</span> 
     </span>
     <span class='ocr_line' id='line_1_6' title="bbox 36 809 1036 911; baseline 0.002 -26"><span class='ocrx_word' id='word_1_33' title='bbox 36 905 39 911; x_wconf 82' lang='lat'><em>.</em></span> <span class='ocrx_word' id='word_1_34' title='bbox 75 835 146 885; x_wconf 82' lang='lat' dir='ltr'>non</span> <span class='ocrx_word' id='word_1_35' title='bbox 158 830 192 884; x_wconf 91' lang='lat' dir='ltr'>te</span> <span class='ocrx_word' id='word_1_36' title='bbox 203 811 264 883; x_wconf 88' lang='lat' dir='ltr'>tibi</span> <span class='ocrx_word' id='word_1_37' title='bbox 281 810 343 882; x_wconf 92' lang='lat' dir='ltr'>soli</span> <span class='ocrx_word' id='word_1_38' title='bbox 360 809 502 909; x_wconf 84' lang='lat' dir='ltr'><strong>gloriam</strong></span> <span class='ocrx_word' id='word_1_39' title='bbox 524 834 702 908; x_wconf 79' lang='lat' dir='ltr'>quaereret</span> <span class='ocrx_word' id='word_1_40' title='bbox 725 813 819 909; x_wconf 89' lang='lat' dir='ltr'>quod</span> <span class='ocrx_word' id='word_1_41' title='bbox 834 811 857 884; x_wconf 76' lang='lat' dir='ltr'>fi</span> <span class='ocrx_word' id='word_1_42' title='bbox 870 812 973 903; x_wconf 83' lang='lat' dir='ltr'>effer,</span> <span class='ocrx_word' id='word_1_43' title='bbox 990 836 1036 887; x_wconf 78' lang='lat' dir='ltr'>tr·</span> 
     </span>
     <span class='ocr_line' id='line_1_7' title="bbox 73 908 1082 1027; baseline 0.006 -36"><span class='ocrx_word' id='word_1_44' title='bbox 73 908 233 1027; x_wconf 81' lang='lat' dir='ltr'>mennon</span> <span class='ocrx_word' id='word_1_45' title='bbox 245 921 443 1017; x_wconf 88' lang='lat' dir='ltr'>negligeres;</span> <span class='ocrx_word' id='word_1_46' title='bbox 461 921 648 1016; x_wconf 87' lang='lat' dir='ltr'>praesertim</span> <span class='ocrx_word' id='word_1_47' title='bbox 663 946 741 995; x_wconf 90' lang='lat' dir='ltr'>cum</span> <span class='ocrx_word' id='word_1_48' title='bbox 754 922 961 1020; x_wconf 86' lang='lat' dir='ltr'>amplislimis</span> <span class='ocrx_word' id='word_1_49' title='bbox 973 949 1035 997; x_wconf 86' lang='lat' dir='ltr'>mo</span> <span class='ocrx_word' id='word_1_50' title='bbox 1078 974 1082 1027; x_wconf 84' lang='lat' dir='ltr'>l</span> 
     </span>
     <span class='ocr_line' id='line_1_8' title="bbox 76 1031 1082 1116; baseline 0.004 -12"><span class='ocrx_word' id='word_1_51' title='bbox 76 1032 241 1116; x_wconf 83' lang='lat' dir='ltr'>numentis</span> <span class='ocrx_word' id='word_1_52' title='bbox 266 1032 461 1105; x_wconf 82' lang='lat' dir='ltr'>consectare</span> <span class='ocrx_word' id='word_1_53' title='bbox 487 1031 646 1105; x_wconf 81' lang='lat' dir='ltr'>voluisses</span> <span class='ocrx_word' id='word_1_54' title='bbox 671 1034 870 1115; x_wconf 75' lang='lat' dir='ltr'>memoriam</span> <span class='ocrx_word' id='word_1_55' title='bbox 898 1035 1036 1108; x_wconf 84' lang='lat' dir='ltr'>nominis</span> <span class='ocrx_word' id='word_1_56' title='bbox 1080 1034 1082 1049; x_wconf 92' lang='lat'>&#39;</span> 
     </span>
     <span class='ocr_line' id='line_1_9' title="bbox 72 1139 1034 1242; baseline 0.001 -25"><span class='ocrx_word' id='word_1_57' title='bbox 72 1143 142 1217; x_wconf 88' lang='lat' dir='ltr'>tui:</span> <span class='ocrx_word' id='word_1_58' title='bbox 155 1142 262 1219; x_wconf 73' lang='lat' dir='ltr'>ledea</span> <span class='ocrx_word' id='word_1_59' title='bbox 277 1140 393 1214; x_wconf 84' lang='lat' dir='ltr'>tibiell</span> <span class='ocrx_word' id='word_1_60' title='bbox 406 1139 683 1214; x_wconf 67' lang='lat' dir='ltr'>communicanda</span> <span class='ocrx_word' id='word_1_61' title='bbox 699 1167 848 1231; x_wconf 87' lang='lat' dir='ltr'>mecum,</span> <span class='ocrx_word' id='word_1_62' title='bbox 868 1146 1034 1242; x_wconf 86' lang='lat' dir='ltr'>prodenda</span> 
     </span>
     <span class='ocr_line' id='line_1_10' title="bbox 72 1252 1036 1355; baseline 0.003 -31"><span class='ocrx_word' id='word_1_63' title='bbox 72 1252 184 1326; x_wconf 83' lang='lat' dir='ltr'>liberis</span> <span class='ocrx_word' id='word_1_64' title='bbox 197 1252 327 1327; x_wconf 77' lang='lat' dir='ltr'>nostris.</span> <span class='ocrx_word' id='word_1_65' title='bbox 338 1253 373 1345; x_wconf 82' lang='lat' dir='ltr'>in</span> <span class='ocrx_word' id='word_1_66' title='bbox 387 1276 453 1348; x_wconf 84' lang='lat' dir='ltr'>qua</span> <span class='ocrx_word' id='word_1_67' title='bbox 465 1253 653 1323; x_wconf 85' lang='lat' dir='ltr'>cavendum</span> <span class='ocrx_word' id='word_1_68' title='bbox 667 1253 734 1342; x_wconf 87' lang='lat' dir='ltr'>est,</span> <span class='ocrx_word' id='word_1_69' title='bbox 749 1280 791 1326; x_wconf 94' lang='lat' dir='ltr'>ne</span> <span class='ocrx_word' id='word_1_70' title='bbox 805 1307 817 1344; x_wconf 95' lang='lat'>,</span> <span class='ocrx_word' id='word_1_71' title='bbox 835 1253 1036 1355; x_wconf 79' lang='lat' dir='ltr'>stnegligen·</span> 
     </span>
     <span class='ocr_line' id='line_1_11' title="bbox 73 1358 1036 1470; baseline 0.003 -35"><span class='ocrx_word' id='word_1_72' title='bbox 73 1358 287 1453; x_wconf 78' lang='lat' dir='ltr'>tiorsueris,</span> <span class='ocrx_word' id='word_1_73' title='bbox 314 1387 384 1433; x_wconf 90' lang='lat' dir='ltr'>non</span> <span class='ocrx_word' id='word_1_74' title='bbox 399 1360 508 1447; x_wconf 52' lang='lat' dir='ltr'>,solum</span> <span class='ocrx_word' id='word_1_75' title='bbox 523 1360 583 1435; x_wconf 88' lang='lat' dir='ltr'>tibi</span> <span class='ocrx_word' id='word_1_76' title='bbox 599 1387 716 1457; x_wconf 91' lang='lat' dir='ltr'>parum</span> <span class='ocrx_word' id='word_1_77' title='bbox 733 1363 960 1470; x_wconf 70' lang='lat' dir='ltr'>consuluisse,</span> <span class='ocrx_word' id='word_1_78' title='bbox 985 1365 1036 1438; x_wconf 87' lang='lat' dir='ltr'>sed</span> 
     </span>
     <span class='ocr_line' id='line_1_12' title="bbox 15 1454 1037 1573; baseline 0.01 -31"><span class='ocrx_word' id='word_1_79' title='bbox 15 1471 58 1542; x_wconf 77' lang='lat'>16</span> <span class='ocrx_word' id='word_1_80' title='bbox 74 1454 173 1549; x_wconf 82' lang='lat' dir='ltr'>etiam</span> <span class='ocrx_word' id='word_1_81' title='bbox 182 1476 247 1549; x_wconf 82' lang='lat' dir='ltr'>tuis</span> <span class='ocrx_word' id='word_1_82' title='bbox 260 1473 414 1548; x_wconf 78' lang='lat' dir='ltr'>invidisse</span> <span class='ocrx_word' id='word_1_83' title='bbox 424 1472 576 1546; x_wconf 83' lang='lat' dir='ltr'>videaris.</span> <span class='ocrx_word' id='word_1_84' title='bbox 583 1476 692 1573; x_wconf 86' lang='lat' dir='ltr'>Atque</span> <span class='ocrx_word' id='word_1_85' title='bbox 704 1476 914 1550; x_wconf 83' lang='lat' dir='ltr'>haec-noneo</span> <span class='ocrx_word' id='word_1_86' title='bbox 921 1478 1037 1552; x_wconf 87' lang='lat' dir='ltr'>dicun·</span> 
     </span>
     <span class='ocr_line' id='line_1_13' title="bbox 72 1572 1037 1683; baseline 0 -24"><span class='ocrx_word' id='word_1_87' title='bbox 72 1603 127 1683; x_wconf 82' lang='lat' dir='ltr'>tur</span> <span class='ocrx_word' id='word_1_88' title='bbox 138 1638 150 1673; x_wconf 93' lang='lat'>,</span> <span class='ocrx_word' id='word_1_89' title='bbox 163 1603 200 1657; x_wconf 90' lang='lat' dir='ltr'>ut</span> <span class='ocrx_word' id='word_1_90' title='bbox 210 1602 243 1657; x_wconf 91' lang='lat' dir='ltr'>te</span> <span class='ocrx_word' id='word_1_91' title='bbox 256 1583 368 1655; x_wconf 86' lang='lat' dir='ltr'>oratio</span> <span class='ocrx_word' id='word_1_92' title='bbox 382 1605 454 1653; x_wconf 87' lang='lat' dir='ltr'>mea</span> <span class='ocrx_word' id='word_1_93' title='bbox 468 1581 690 1656; x_wconf 87' lang='lat' dir='ltr'>dormientem</span> <span class='ocrx_word' id='word_1_94' title='bbox 704 1572 861 1658; x_wconf 73' lang='lat' dir='ltr'>excitasse</span> <span class='ocrx_word' id='word_1_95' title='bbox 875 1585 973 1674; x_wconf 72' lang='lat' dir='ltr'>,sed</span> <span class='ocrx_word' id='word_1_96' title='bbox 980 1611 1037 1683; x_wconf 92' lang='lat' dir='ltr'>po·</span> 
     </span>
     <span class='ocr_line' id='line_1_14' title="bbox 73 1696 1038 1796; baseline -0.001 -23"><span class='ocrx_word' id='word_1_97' title='bbox 73 1700 189 1778; x_wconf 84' lang='lat' dir='ltr'>tiusut</span> <span class='ocrx_word' id='word_1_98' title='bbox 203 1713 388 1770; x_wconf 84' lang='lat' dir='ltr'>currentem</span> <span class='ocrx_word' id='word_1_99' title='bbox 403 1696 552 1769; x_wconf 81' lang='lat' dir='ltr'>incitasse</span> <span class='ocrx_word' id='word_1_100' title='bbox 566 1698 730 1771; x_wconf 85' lang='lat' dir='ltr'>videatur.</span> <span class='ocrx_word' id='word_1_101' title='bbox 743 1700 844 1772; x_wconf 84' lang='lat' dir='ltr'>facies</span> <span class='ocrx_word' id='word_1_102' title='bbox 856 1698 950 1773; x_wconf 86' lang='lat' dir='ltr'>enim</span> <span class='ocrx_word' id='word_1_103' title='bbox 964 1726 1038 1796; x_wconf 83' lang='lat' dir='ltr'>per·</span> 
     </span>
     <span class='ocr_line' id='line_1_15' title="bbox 73 1796 1038 1910; baseline 0.002 -29"><span class='ocrx_word' id='word_1_104' title='bbox 73 1832 203 1910; x_wconf 86' lang='lat' dir='ltr'>petuo,</span> <span class='ocrx_word' id='word_1_105' title='bbox 235 1834 321 1906; x_wconf 83' lang='lat' dir='ltr'>quae</span> <span class='ocrx_word' id='word_1_106' title='bbox 339 1806 466 1892; x_wconf 85' lang='lat' dir='ltr'>fecisti,</span> <span class='ocrx_word' id='word_1_107' title='bbox 498 1796 675 1885; x_wconf 77' lang='lat' dir='ltr'>ut‚omnes</span> <span class='ocrx_word' id='word_1_108' title='bbox 700 1810 901 1909; x_wconf 83' lang='lat' dir='ltr'>aequitatem</span> <span class='ocrx_word' id='word_1_109' title='bbox 930 1828 1038 1898; x_wconf 89' lang='lat' dir='ltr'>ruam,</span> 
     </span>
     <span class='ocr_line' id='line_1_16' title="bbox 74 1913 1037 2015; baseline 0 -23"><span class='ocrx_word' id='word_1_110' title='bbox 74 1917 338 2013; x_wconf 75' lang='lat' dir='ltr'>temperantiam,</span> <span class='ocrx_word' id='word_1_111' title='bbox 358 1917 577 2006; x_wconf 83' lang='lat' dir='ltr'>severitatem,</span> <span class='ocrx_word' id='word_1_112' title='bbox 593 1913 884 2015; x_wconf 80' lang='lat' dir='ltr'>integritatemque</span> <span class='ocrx_word' id='word_1_113' title='bbox 899 1918 1037 1992; x_wconf 87' lang='lat' dir='ltr'>laudent.</span> 
     </span>
     <span class='ocr_line' id='line_1_17' title="bbox 76 2028 1036 2127; baseline 0.003 -25"><span class='ocrx_word' id='word_1_114' title='bbox 76 2030 139 2104; x_wconf 80' lang='lat' dir='ltr'>Sed</span> <span class='ocrx_word' id='word_1_115' title='bbox 153 2053 206 2100; x_wconf 93' lang='lat' dir='ltr'>me</span> <span class='ocrx_word' id='word_1_116' title='bbox 217 2029 378 2126; x_wconf 83' lang='lat' dir='ltr'>quaedam</span> <span class='ocrx_word' id='word_1_117' title='bbox 389 2045 499 2118; x_wconf 82' lang='lat' dir='ltr'>tenet,</span> <span class='ocrx_word' id='word_1_118' title='bbox 512 2045 651 2125; x_wconf 86' lang='lat' dir='ltr'>propter</span> <span class='ocrx_word' id='word_1_119' title='bbox 664 2028 858 2127; x_wconf 76' lang='lat' dir='ltr'>singularem</span> <span class='ocrx_word' id='word_1_120' title='bbox 873 2056 1036 2122; x_wconf 88' lang='lat' dir='ltr'>amorem,</span> 
     </span>
     <span class='ocr_line' id='line_1_18' title="bbox 74 2136 1036 2237; baseline 0.001 -23"><span class='ocrx_word' id='word_1_121' title='bbox 74 2137 206 2214; x_wconf 77' lang='lat' dir='ltr'>infinita</span> <span class='ocrx_word' id='word_1_122' title='bbox 219 2136 253 2210; x_wconf 90' lang='lat' dir='ltr'>in</span> <span class='ocrx_word' id='word_1_123' title='bbox 265 2156 298 2212; x_wconf 80' lang='lat' dir='ltr'>te</span> <span class='ocrx_word' id='word_1_124' title='bbox 311 2139 453 2212; x_wconf 86' lang='lat' dir='ltr'>aviditas</span> <span class='ocrx_word' id='word_1_125' title='bbox 472 2138 622 2236; x_wconf 85' lang='lat' dir='ltr'>gloriae:</span> <span class='ocrx_word' id='word_1_126' title='bbox 640 2162 844 2237; x_wconf 84' lang='lat' dir='ltr'>quamquam</span> <span class='ocrx_word' id='word_1_127' title='bbox 863 2139 947 2214; x_wconf 88' lang='lat' dir='ltr'>illud</span> <span class='ocrx_word' id='word_1_128' title='bbox 965 2142 1036 2217; x_wconf 85' lang='lat' dir='ltr'>exi·</span> 
     </span>
     <span class='ocr_line' id='line_1_19' title="bbox 75 2248 1037 2354; baseline 0.002 -27"><span class='ocrx_word' id='word_1_129' title='bbox 75 2253 188 2342; x_wconf 85' lang='lat' dir='ltr'>stimo,</span> <span class='ocrx_word' id='word_1_130' title='bbox 207 2277 285 2324; x_wconf 88' lang='lat' dir='ltr'>cum</span> <span class='ocrx_word' id='word_1_131' title='bbox 299 2251 364 2324; x_wconf 90' lang='lat' dir='ltr'>iam</span> <span class='ocrx_word' id='word_1_132' title='bbox 378 2250 544 2339; x_wconf 71' lang='lat' dir='ltr'>tibiura,</span> <span class='ocrx_word' id='word_1_133' title='bbox 557 2248 827 2346; x_wconf 72' lang='lat' dir='ltr'>sicut&#39;unicuique</span> <span class='ocrx_word' id='word_1_134' title='bbox 840 2249 1037 2354; x_wconf 83' lang='lat' dir='ltr'>suadomus,</span> 
     </span>
     <span class='ocr_line' id='line_1_20' title="bbox 76 2360 1033 2458; baseline 0.002 -19"><span class='ocrx_word' id='word_1_135' title='bbox 76 2367 156 2440; x_wconf 89' lang='lat' dir='ltr'>nota</span> <span class='ocrx_word' id='word_1_136' title='bbox 167 2364 233 2438; x_wconf 86' lang='lat' dir='ltr'>elle</span> <span class='ocrx_word' id='word_1_137' title='bbox 247 2363 383 2448; x_wconf 88' lang='lat' dir='ltr'>debeat,</span> <span class='ocrx_word' id='word_1_138' title='bbox 407 2386 481 2435; x_wconf 88' lang='lat' dir='ltr'>cum</span> <span class='ocrx_word' id='word_1_139' title='bbox 495 2361 637 2445; x_wconf 68' lang='lat' dir='ltr'>ad&#39;tuam</span> <span class='ocrx_word' id='word_1_140' title='bbox 651 2360 810 2432; x_wconf 88' lang='lat' dir='ltr'>summam</span> <span class='ocrx_word' id='word_1_141' title='bbox 827 2365 1033 2458; x_wconf 87' lang='lat' dir='ltr'>prudentiam</span> 
     </span>
     <span class='ocr_line' id='line_1_21' title="bbox 73 2469 1036 2566; baseline 0.004 -20"><span class='ocrx_word' id='word_1_142' title='bbox 73 2494 184 2562; x_wconf 83' lang='lat' dir='ltr'>tantus</span> <span class='ocrx_word' id='word_1_143' title='bbox 197 2473 271 2546; x_wconf 86' lang='lat' dir='ltr'>usus</span> <span class='ocrx_word' id='word_1_144' title='bbox 284 2470 469 2561; x_wconf 85' lang='lat' dir='ltr'>accesserit,</span> <span class='ocrx_word' id='word_1_145' title='bbox 489 2469 572 2542; x_wconf 89' lang='lat' dir='ltr'>nihil</span> <span class='ocrx_word' id='word_1_146' title='bbox 580 2469 645 2542; x_wconf 84' lang='lat' dir='ltr'>elle</span> <span class='ocrx_word' id='word_1_147' title='bbox 657 2522 668 2558; x_wconf 93' lang='lat'>,</span> <span class='ocrx_word' id='word_1_148' title='bbox 681 2469 775 2566; x_wconf 89' lang='lat' dir='ltr'>quod</span> <span class='ocrx_word' id='word_1_149' title='bbox 784 2471 826 2542; x_wconf 83' lang='lat' dir='ltr'>ad</span> <span class='ocrx_word' id='word_1_150' title='bbox 839 2471 972 2548; x_wconf 88' lang='lat' dir='ltr'>laudem</span> <span class='ocrx_word' id='word_1_151' title='bbox 988 2495 1036 2550; x_wconf 86' lang='lat' dir='ltr'>at·</span> 
     </span>
     <span class='ocr_line' id='line_1_22' title="bbox 74 2580 1038 2682; baseline 0.006 -28"><span class='ocrx_word' id='word_1_152' title='bbox 74 2588 176 2663; x_wconf 84' lang='lat' dir='ltr'>tineat</span> <span class='ocrx_word' id='word_1_153' title='bbox 189 2639 201 2671; x_wconf 90' lang='lat'>,</span> <span class='ocrx_word' id='word_1_154' title='bbox 216 2587 309 2682; x_wconf 84' lang='lat' dir='ltr'>quod</span> <span class='ocrx_word' id='word_1_155' title='bbox 321 2608 391 2680; x_wconf 82' lang='lat' dir='ltr'>nqn</span> <span class='ocrx_word' id='word_1_156' title='bbox 405 2600 441 2657; x_wconf 89' lang='lat' dir='ltr'>tu</span> <span class='ocrx_word' id='word_1_157' title='bbox 453 2583 580 2680; x_wconf 88' lang='lat' dir='ltr'>optime</span> <span class='ocrx_word' id='word_1_158' title='bbox 595 2580 794 2679; x_wconf 87' lang='lat' dir='ltr'>perspicias,</span> <span class='ocrx_word' id='word_1_159' title='bbox 818 2601 852 2655; x_wconf 89' lang='lat' dir='ltr'>et</span> <span class='ocrx_word' id='word_1_160' title='bbox 873 2586 936 2659; x_wconf 89' lang='lat' dir='ltr'>tibi</span> <span class='ocrx_word' id='word_1_161' title='bbox 949 2613 1038 2676; x_wconf 88' lang='lat' dir='ltr'>non,</span> 
     </span>
     <span class='ocr_line' id='line_1_23' title="bbox 73 2691 1035 2795; baseline 0.004 -28"><span class='ocrx_word' id='word_1_162' title='bbox 73 2696 142 2767; x_wconf 82' lang='lat' dir='ltr'>fine</span> <span class='ocrx_word' id='word_1_163' title='bbox 163 2694 357 2789; x_wconf 89' lang='lat' dir='ltr'>cuiusquam</span> <span class='ocrx_word' id='word_1_164' title='bbox 370 2691 582 2780; x_wconf 75' lang='lat' dir='ltr'>hortatione,</span> <span class='ocrx_word' id='word_1_165' title='bbox 602 2691 802 2763; x_wconf 84' lang='lat' dir='ltr'>innenren</span> <span class='ocrx_word' id='word_1_166' title='bbox 824 2696 938 2766; x_wconf 85' lang='lat' dir='ltr'>veniat</span> <span class='ocrx_word' id='word_1_167' title='bbox 951 2724 1035 2795; x_wconf 89' lang='lat' dir='ltr'>quo·</span> 
     </span>
     <span class='ocr_line' id='line_1_24' title="bbox 73 2798 1035 2904; baseline 0.002 -30"><span class='ocrx_word' id='word_1_168' title='bbox 73 2800 164 2874; x_wconf 83' lang='lat' dir='ltr'>ridie.</span> <span class='ocrx_word' id='word_1_169' title='bbox 183 2800 249 2871; x_wconf 86' lang='lat' dir='ltr'>Sed</span> <span class='ocrx_word' id='word_1_170' title='bbox 261 2823 348 2895; x_wconf 87' lang='lat' dir='ltr'>ego,</span> <span class='ocrx_word' id='word_1_171' title='bbox 370 2798 448 2896; x_wconf 91' lang='lat' dir='ltr'>qui,</span> <span class='ocrx_word' id='word_1_172' title='bbox 461 2825 538 2872; x_wconf 89' lang='lat' dir='ltr'>cum</span> <span class='ocrx_word' id='word_1_173' title='bbox 551 2822 609 2871; x_wconf 87' lang='lat' dir='ltr'>tua</span> <span class='ocrx_word' id='word_1_174' title='bbox 623 2799 719 2898; x_wconf 92' lang='lat' dir='ltr'>lego,</span> <span class='ocrx_word' id='word_1_175' title='bbox 732 2817 765 2872; x_wconf 90' lang='lat' dir='ltr'>te</span> <span class='ocrx_word' id='word_1_176' title='bbox 780 2801 907 2891; x_wconf 89' lang='lat' dir='ltr'>audite,</span> <span class='ocrx_word' id='word_1_177' title='bbox 922 2808 1035 2904; x_wconf 88' lang='lat' dir='ltr'>etqui,</span> 
     </span>
     <span class='ocr_line' id='line_1_25' title="bbox 74 2906 1035 3004; baseline 0.006 -23"><span class='ocrx_word' id='word_1_178' title='bbox 74 2930 150 2982; x_wconf 87' lang='lat' dir='ltr'>cum</span> <span class='ocrx_word' id='word_1_179' title='bbox 163 2909 204 2980; x_wconf 86' lang='lat' dir='ltr'>ad</span> <span class='ocrx_word' id='word_1_180' title='bbox 217 2925 249 2980; x_wconf 90' lang='lat' dir='ltr'>te</span> <span class='ocrx_word' id='word_1_181' title='bbox 262 2906 396 2992; x_wconf 89' lang='lat' dir='ltr'>scribo,</span> <span class='ocrx_word' id='word_1_182' title='bbox 410 2925 521 2989; x_wconf 85' lang='lat' dir='ltr'>tecum</span> <span class='ocrx_word' id='word_1_183' title='bbox 535 2907 629 3004; x_wconf 92' lang='lat' dir='ltr'>loqui</span> <span class='ocrx_word' id='word_1_184' title='bbox 643 2908 787 2997; x_wconf 86' lang='lat' dir='ltr'>videor,</span> <span class='ocrx_word' id='word_1_185' title='bbox 801 2908 930 2984; x_wconf 84' lang='lat' dir='ltr'>idcirco</span> <span class='ocrx_word' id='word_1_186' title='bbox 940 2931 1035 2987; x_wconf 88' lang='lat' dir='ltr'>ettua</span> 
     </span>
    </p>
   </div>
   <div class='ocr_carea' id='block_1_3' title="bbox 70 3018 1036 3781">
    <p class='ocr_par' dir='ltr' id='par_1_3' title="bbox 70 3018 1036 3781">
     <span class='ocr_line' id='line_1_26' title="bbox 73 3018 1036 3123; baseline 0.008 -32"><span class='ocrx_word' id='word_1_187' title='bbox 73 3019 258 3117; x_wconf 76' lang='lat' dir='ltr'>longissima</span> <span class='ocrx_word' id='word_1_188' title='bbox 271 3044 403 3117; x_wconf 88' lang='lat' dir='ltr'>quaque</span> <span class='ocrx_word' id='word_1_189' title='bbox 419 3018 555 3116; x_wconf 87' lang='lat' dir='ltr'>epistola</span> <span class='ocrx_word' id='word_1_190' title='bbox 570 3020 715 3092; x_wconf 82' lang='lat' dir='ltr'>maxime</span> <span class='ocrx_word' id='word_1_191' title='bbox 733 3021 902 3112; x_wconf 75' lang='lat' dir='ltr'>delellor,</span> <span class='ocrx_word' id='word_1_192' title='bbox 924 3026 1036 3123; x_wconf 87' lang='lat' dir='ltr'>etipse</span> 
     </span>
     <span class='ocr_line' id='line_1_27' title="bbox 73 3131 1035 3229; baseline 0 -22"><span class='ocrx_word' id='word_1_193' title='bbox 73 3133 295 3207; x_wconf 86' lang='lat' dir='ltr'>inscribendo</span> <span class='ocrx_word' id='word_1_194' title='bbox 310 3133 403 3228; x_wconf 90' lang='lat' dir='ltr'>saepe</span> <span class='ocrx_word' id='word_1_195' title='bbox 415 3131 486 3203; x_wconf 91' lang='lat' dir='ltr'>sum</span> <span class='ocrx_word' id='word_1_196' title='bbox 499 3131 644 3229; x_wconf 84' lang='lat' dir='ltr'>longior.</span> <span class='ocrx_word' id='word_1_197' title='bbox 657 3132 738 3202; x_wconf 91' lang='lat' dir='ltr'>Illud</span> <span class='ocrx_word' id='word_1_198' title='bbox 752 3150 785 3204; x_wconf 87' lang='lat' dir='ltr'>te</span> <span class='ocrx_word' id='word_1_199' title='bbox 799 3132 841 3213; x_wconf 88' lang='lat' dir='ltr'>ad</span> <span class='ocrx_word' id='word_1_200' title='bbox 848 3151 1035 3207; x_wconf 85' lang='lat' dir='ltr'>extremum</span> 
     </span>
     <span class='ocr_line' id='line_1_28' title="bbox 73 3240 1035 3337; baseline 0 -21"><span class='ocrx_word' id='word_1_201' title='bbox 73 3264 108 3317; x_wconf 88' lang='lat' dir='ltr'>et</span> <span class='ocrx_word' id='word_1_202' title='bbox 117 3266 201 3328; x_wconf 89' lang='lat' dir='ltr'>oto,</span> <span class='ocrx_word' id='word_1_203' title='bbox 212 3262 246 3312; x_wconf 93' lang='lat' dir='ltr'>et</span> <span class='ocrx_word' id='word_1_204' title='bbox 259 3241 400 3329; x_wconf 90' lang='lat' dir='ltr'>hortor,</span> <span class='ocrx_word' id='word_1_205' title='bbox 413 3257 468 3328; x_wconf 91' lang='lat' dir='ltr'>ut,</span> <span class='ocrx_word' id='word_1_206' title='bbox 479 3257 633 3337; x_wconf 82' lang='lat' dir='ltr'>tanquam</span> <span class='ocrx_word' id='word_1_207' title='bbox 647 3259 767 3336; x_wconf 86' lang='lat' dir='ltr'>poetae</span> <span class='ocrx_word' id='word_1_208' title='bbox 779 3240 885 3330; x_wconf 90' lang='lat' dir='ltr'>boni,</span> <span class='ocrx_word' id='word_1_209' title='bbox 902 3260 936 3314; x_wconf 90' lang='lat' dir='ltr'>et</span> <span class='ocrx_word' id='word_1_210' title='bbox 947 3245 1035 3316; x_wconf 68' lang='lat' dir='ltr'>aero-</span> 
     </span>
     <span class='ocr_line' id='line_1_29' title="bbox 73 3349 1034 3448; baseline 0.002 -22"><span class='ocrx_word' id='word_1_211' title='bbox 73 3379 126 3426; x_wconf 86' lang='lat' dir='ltr'>res</span> <span class='ocrx_word' id='word_1_212' title='bbox 139 3351 289 3425; x_wconf 87' lang='lat' dir='ltr'>industrii</span> <span class='ocrx_word' id='word_1_213' title='bbox 304 3349 422 3439; x_wconf 85' lang='lat' dir='ltr'>solent,</span> <span class='ocrx_word' id='word_1_214' title='bbox 433 3351 476 3424; x_wconf 86' lang='lat' dir='ltr'>src</span> <span class='ocrx_word' id='word_1_215' title='bbox 490 3373 527 3423; x_wconf 86' lang='lat' dir='ltr'>ru</span> <span class='ocrx_word' id='word_1_216' title='bbox 543 3353 576 3422; x_wconf 92' lang='lat' dir='ltr'>in</span> <span class='ocrx_word' id='word_1_217' title='bbox 592 3373 740 3423; x_wconf 83' lang='lat' dir='ltr'>extrema</span> <span class='ocrx_word' id='word_1_218' title='bbox 754 3375 845 3448; x_wconf 87' lang='lat' dir='ltr'>parte</span> <span class='ocrx_word' id='word_1_219' title='bbox 854 3369 886 3423; x_wconf 86' lang='lat' dir='ltr'>et</span> <span class='ocrx_word' id='word_1_220' title='bbox 900 3355 1034 3428; x_wconf 70' lang='lat' dir='ltr'>conclu⁴</span> 
     </span>
     <span class='ocr_line' id='line_1_30' title="bbox 72 3458 1036 3560; baseline -0.001 -24"><span class='ocrx_word' id='word_1_221' title='bbox 72 3465 163 3537; x_wconf 87' lang='lat' dir='ltr'>lione</span> <span class='ocrx_word' id='word_1_222' title='bbox 190 3460 338 3534; x_wconf 88' lang='lat' dir='ltr'>muneri-s</span> <span class='ocrx_word' id='word_1_223' title='bbox 355 3487 394 3560; x_wconf 81' lang='lat' dir='ltr'>ae</span> <span class='ocrx_word' id='word_1_224' title='bbox 410 3460 537 3559; x_wconf 78' lang='lat' dir='ltr'>tregotii</span> <span class='ocrx_word' id='word_1_225' title='bbox 556 3459 604 3533; x_wconf 89' lang='lat' dir='ltr'>tui</span> <span class='ocrx_word' id='word_1_226' title='bbox 628 3458 886 3557; x_wconf 84' lang='lat' dir='ltr'>diligentillrmus</span> <span class='ocrx_word' id='word_1_227' title='bbox 911 3461 980 3552; x_wconf 83' lang='lat' dir='ltr'>fis,</span> <span class='ocrx_word' id='word_1_228' title='bbox 1000 3480 1036 3535; x_wconf 88' lang='lat' dir='ltr'>ut</span> 
     </span>
     <span class='ocr_line' id='line_1_31' title="bbox 72 3562 1036 3667; baseline -0.002 -22"><span class='ocrx_word' id='word_1_229' title='bbox 72 3573 127 3645; x_wconf 87' lang='lat' dir='ltr'>hic</span> <span class='ocrx_word' id='word_1_230' title='bbox 143 3573 257 3644; x_wconf 89' lang='lat' dir='ltr'>tertius</span> <span class='ocrx_word' id='word_1_231' title='bbox 275 3597 379 3644; x_wconf 77' lang='lat' dir='ltr'>annus</span> <span class='ocrx_word' id='word_1_232' title='bbox 393 3562 525 3667; x_wconf 84' lang='lat' dir='ltr'>imperii</span> <span class='ocrx_word' id='word_1_233' title='bbox 537 3569 607 3657; x_wconf 91' lang='lat' dir='ltr'>t&#39;ui,</span> <span class='ocrx_word' id='word_1_234' title='bbox 626 3590 785 3667; x_wconf 83' lang='lat' dir='ltr'>tanquam</span> <span class='ocrx_word' id='word_1_235' title='bbox 807 3569 922 3642; x_wconf 86' lang='lat' dir='ltr'>tertius</span> <span class='ocrx_word' id='word_1_236' title='bbox 935 3571 1036 3661; x_wconf 70' lang='lat' dir='ltr'>adius,</span> 
     </span>
     <span class='ocr_line' id='line_1_32' title="bbox 70 3677 1036 3781; baseline -0.006 -26"><span class='ocrx_word' id='word_1_237' title='bbox 70 3679 320 3781; x_wconf 67' lang='lat' dir='ltr'>perfectisimus</span> <span class='ocrx_word' id='word_1_238' title='bbox 343 3697 440 3780; x_wconf 85' lang='lat' dir='ltr'>atque</span> <span class='ocrx_word' id='word_1_239' title='bbox 459 3677 682 3753; x_wconf 74' lang='lat' dir='ltr'>ornatissimus</span> <span class='ocrx_word' id='word_1_240' title='bbox 698 3678 791 3753; x_wconf 81' lang='lat' dir='ltr'>luisse</span> <span class='ocrx_word' id='word_1_241' title='bbox 810 3677 978 3779; x_wconf 72' lang='lat' dir='ltr'>videatup.</span> <span class='ocrx_word' id='word_1_242' title='bbox 1000 3677 1036 3750; x_wconf 90' lang='lat' dir='ltr'>ld</span> 
     </span>
    </p>
   </div>
   <div class='ocr_carea' id='block_1_4' title="bbox 0 0 1178 4238">
    <p class='ocr_par' dir='ltr' id='par_1_4' title="bbox 0 0 1178 4238">
     <span class='ocr_line' id='line_1_33' title="bbox 0 0 1178 4238; baseline 0 0"><span class='ocrx_word' id='word_1_243' title='bbox 0 0 1178 4238; x_wconf 95' lang='lat' dir='ltr'> </span> 
     </span>
    </p>
   </div>
  </div>
 </body>
</html>
