2348 4238
180 225 247 320 164
321 221 641 298 unrortrtuu
667 221 735 311 to
756 224 802 316 Q.
815 222 1037 299 rnrraeu
1160 200 1168 325 ’ἵ

174 386 357 488 perscripsi.
381 384 445 489 qui·
458 385 596 484 quidem
618 410 719 482 quarn
744 385 936 483 frequentes
953 387 1084 478 essent,
1104 409 1131 463 et
1166 372 1168 475 l

172 522 274 597 quam
298 522 441 598 graves,
472 486 620 569 adventu
650 492 719 575 suo,
733 492 857 566 Statius*
870 493 938 589 ipse
964 498 1130 594 cognovit.
1164 502 1168 571 ἱ

174 610 304 684 Etenim
319 603 498 680 intervenit
511 603 748 678 nonnullontnt
763 603 927 702 querelis,
953 631 1039 704 quae
1051 605 1130 704 apud
1166 606 1168 611 ’

54 784 57 792 .
173 745 229 795 me
250 721 294 792 de
306 717 363 790 illo
379 715 450 812 ipso
464 715 695 802 habebantur;
717 731 751 788 et
770 714 889 787 sentire
905 716 1047 811 potuit,
1070 717 1129 791 ser·
1149 728 1152 735 '

171 852 290 901 mones
304 825 497 923 iniquorum
510 825 546 896 in
564 823 656 912 suum
671 823 877 921 potissimum
890 848 1019 896 nornen
1031 850 1130 897 erum·

149 960 261 1034 .pere.
286 934 397 1027 Quod
420 953 529 1006 autem
558 958 612 1005 me
643 933 789 1004 maxime
818 954 961 1004 movere
992 933 1128 1023 solebat,

42 1124 44 1129 ,
171 1070 248 1117 curn
267 1042 439 1116 audiebam
455 1095 467 1134 ,
486 1043 578 1115 illurn
592 1043 666 1141 plus
678 1041 767 1139 apud
782 1063 814 1113 te
829 1040 941 1139 posse,
954 1067 1057 1141 quam
1070 1069 1130 1142 gra·

167 1155 257 1231 vitas
275 1154 359 1226 illius
384 1153 519 1241 aetatis,
533 1173 566 1227 et
581 1153 714 1250 imperii
737 1151 913 1250 prudentia
939 1140 1129 1250 postularet,

91 1264 94 1271 ’
167 1262 290 1362 (quarn
304 1263 427 1336 multos
442 1263 531 1335 enim
546 1288 677 1337 mecum
690 1260 788 1360 egille
802 1283 922 1358 putas,
938 1282 977 1334 ut
986 1264 1021 1337 se
1033 1266 1129 1339 Statio

170 1375 471 1449 commendarem?
500 1398 600 1472 quam
613 1372 728 1445 multa
748 1389 857 1444 autem
880 1373 990 1470 ipsum
1019 1407 1129 1469 aarum
1165 1452 1168 1471 ¹

84 1512 91 1525 ·
170 1510 305 1559 mecum
317 1485 351 1557 in
362 1484 513 1557 sermone
528 1484 572 1555 ita
585 1483 755 1580 protulisse
771 1483 816 1582 l)
843 1484 878 1557 id
891 1484 976 1559 milri
987 1511 1058 1559 non
1072 1488 1128 1586 pla·

78 1688 81 1695 ¹
169 1596 259 1670 cuit:
274 1593 408 1683 monui,
424 1591 519 1686 suasi,
531 1594 690 1668 deterrui.
704 1597 837 1688 Quibus
846 1596 881 1667 in
895 1596 998 1671 rebus
1011 1599 1127 1672 etiamsi

51 1752 54 1760 ·
167 1699 308 1774 fidelitas
326 1699 524 1798 summaeli,
550 1700 673 1799 (quod
688 1704 822 1798 prorsus
835 1703 957 1794 credo,
974 1707 1126 1802 quonian
1166 1708 1168 1745 ³

169 1811 261 1884 tuita
270 1805 561 1905 iudicas:)tamen
571 1810 698 1907 species
711 1811 779 1908 ipsa
791 1829 858 1884 tant
868 1811 1003 1908 gratiosi
1011 1816 1126 1908 liberti,

168 1938 225 1992 aut
235 1919 334 2008 servi,
344 1917 669 2014 dignitatem-habere
681 1920 802 1992 nullam
817 1920 934 2016 potest.
945 1924 1124 2022 Atquehoc

118 2016 121 2023 ¹
167 2029 215 2125 lic
225 2029 362 2119 habeto,
378 2027 479 2127 (nihil
492 2029 583 2102 enim
598 2054 662 2102 nec
675 2030 943 2122 temereldicere,
957 2057 1022 2123 nec
1031 2032 1124 2109 astute

167 2136 308 2211 reticere
331 2137 465 2224 debeo,
480 2133 497 2233 )
522 2139 693 2209 materiam
707 2162 845 2208 ornnem
862 2138 1054 2214 sermonum
1068 2167 1123 2216 eo·

166 2275 258 2334 rum,
272 2249 330 2346 qui
343 2247 384 2320 de
396 2267 431 2319 te
449 2247 618 2318 detrahere
630 2247 774 2332 vellent,
787 2247 924 2320 Statium
935 2244 1062 2325 dedisse
1074 2279 1085 2339 ;
1097 2270 1124 2324 et
1165 2250 1168 2299 l

111 2375 115 2383 '
165 2379 262 2432 antea
271 2377 398 2430 tantum
411 2348 551 2450 intelligi
567 2354 734 2450 potuisse,
755 2356 857 2429 iratos
870 2380 946 2433 tuae
962 2358 1123 2434 severitati
1165 2302 1168 2411 l

164 2471 232 2543 esle
247 2466 446 2566 nonnullos;
466 2464 533 2536 hoc
547 2463 767 2551 manumisso,
785 2464 897 2552 iratis,
912 2469 1007 2563 quod
1015 2467 1122 2567 loque·
1166 2472 1168 2529 ἓ

123 2601 145 2650 2
166 2597 298 2668 rentur,
312 2600 382 2657 nen
396 2572 540 2648 defuisse.
555 2575 587 2643 N
590 2599 654 2644 unc
664 2573 873 2669 respondebo
881 2575 923 2646 ad
937 2601 992 2649 eas
1006 2579 1121 2675 episto·
1166 2644 1168 2649 .

164 2687 232 2776 las,
257 2709 338 2782 quas
352 2683 435 2756 milri
454 2680 596 2754 reddidit
609 2682 646 2754 L.
660 2679 814 2770 Caesius,
842 2677 942 2780 (cui,
965 2688 1120 2782 quoniam
1166 2732 1168 2743 .

131 2879 136 2892 ,
162 2794 209 2870 ita
224 2814 258 2866 te
276 2794 360 2865 velle
373 2790 543 2888 intellige,
559 2789 651 2860 nullo
669 2788 747 2860 loco
758 2790 879 2878 deer0,
895 2787 912 2888 )
927 2782 1071 2889 quarum
1083 2797 1121 2868 al·

162 2921 231 2989 teta
244 2899 291 2974 est
308 2900 349 2972 de
363 2897 545 2971 Blauden'ro
556 2896 724 2985 Zeuxide,
748 2923 848 2995 quern
861 2884 976 2974 scribis
990 2905 1119 2977 certisli·

160 3038 256 3101 mum
276 3010 483 3083 matricidam
500 3007 561 3081 tibi
574 3033 594 3080 a
607 3031 661 3078 me
674 3006 790 3080 intime
805 3006 1049 3089 commendari.
1063 3039 1119 3114 qua

162 3121 273 3205 dere,
295 3139 328 3193 et
348 3121 390 3194 de
404 3120 471 3193 hoc
481 3143 602 3216 genere
616 3135 717 3206 toto,
738 3142 779 3190 ne
794 3117 880 3204 forte
895 3146 949 3194 me
962 3122 1000 3195 in
1015 3128 1117 3200 Grae·

62 3244 65 3252 '
159 3256 221 3307 cos
234 3249 302 3303 tam
320 3229 536 3303 ambitiosum
544 3227 667 3302 sallum
682 3227 745 3312 effe
758 3230 899 3321 mirere,
915 3257 1021 3329 pauca
1041 3263 1116 3335 cog·

158 3340 270 3413 nosce.
305 3343 379 3436 Ego
402 3364 479 3413 curn
496 3341 702 3413 Graecorum
725 3339 875 3441 querelas
894 3342 1039 3418 nimium
1062 3371 1116 3419 va·

68 3497 72 3501 -
156 3448 224 3523 lere
238 3448 417 3540 sentirem,
434 3467 572 3546 propter
594 3450 769 3524 hominurn
792 3449 923 3547 ingenia
939 3457 983 3527 ad
1004 3455 1113 3530 sallen-

154 3565 236 3636 dum
249 3584 376 3659 parata3
393 3587 611 3660 quoscunque
626 3563 666 3638 de
677 3581 708 3636 te
721 3564 817 3662 queri
831 3567 963 3654 audivi,
978 3597 1115 3668 quacun·

153 3699 219 3781 que
241 3675 338 3773 potui
357 3678 488 3755 ratione
502 3674 642 3775 placavi.
669 3676 817 3754 Primum
830 3678 1116 3779 Dionysrpolitas,

64 3892 143 3984 'h
