2348 4238
50 217 52 223 ’
165 256 214 332 ιι
338 213 760 339 ιιιιτοιιιὺιιιιι)
778 245 995 397 imcuM

112 426 117 438 '
164 384 302 519 quidem
323 422 469 517 Caesar,
487 447 565 495 cum
586 423 724 496 adeum
751 448 924 524 aegrotum
952 432 1135 562 Neapolim

67 590 70 595 .
157 531 347 641 venissem,
362 557 564 632 quamquam
581 551 652 647 erat
668 534 841 632 oppressus
860 540 965 614 totius
978 547 1135 641 corporis

162 636 366 749 doloribus,
385 663 494 717 tamen
519 663 595 718 ante
602 669 731 743 ,qum
754 670 809 720 me
834 648 932 745 plane
955 653 1134 750 salutavit,

163 753 202 825 Ο
212 779 259 825 mi
249 697 444 846 Cicero,
422 756 545 855 inquit,
545 746 710 854 gratulor
721 753 814 847 tibi,
809 784 886 831 cum
901 777 1029 834 tantum
1045 766 1135 840 vales

164 858 256 959 apud
265 862 476 938 Dolabellam
485 863 780 962 ,quantumfiego
794 856 883 961 apud
892 865 1018 944 sororis
1026 870 1132 948 filium

161 971 353 1058 valerem,
344 998 409 1045 iam
428 972 509 1047 salvi
536 972 602 1048 esse
622 972 800 1071 pollemus
821 975 1020 1054 Dolabellae
1049 1007 1134 1057 vero

164 1090 226 1156 tuo
240 1107 280 1158 et
288 1085 456 1184 gratulor,
470 1102 503 1157 et
522 1105 643 1184 granas
655 1105 743 1184 ago
756 1107 858 1183 quem
874 1087 1035 1186 quidem,
1059 1088 1136 1197 P0st.

163 1211 198 1268 ae
221 1197 412 1289 consulem,
420 1197 541 1270 solum
560 1197 692 1293 polium
719 1222 801 1273 vere
819 1199 990 1272 consulem
1012 1203 1135 1284 dicere.

111 1316 114 1323 '
163 1305 243 1379 dein
256 1298 368 1404 multa
371 1307 415 1380 de'
427 1288 539 1396 fauo,
554 1331 592 1380 ac
604 1306 647 1379 de
658 1331 695 1378 re
710 1305 808 1404 gesta.-
821 1325 893 1380 tum
908 1307 990 1380 nihil
1002 1314 1134 1410 magni·

163 1415 334 1508 ficemius,
345 1358 427 1491 nihil
443 1403 671 1513 praeclarius
657 1416 766 1488 assum
784 1439 950 1512 unquam,
961 1417 1045 1492 nihil
1066 1423 1139 1497 rei-.
1168 1480 1170 1485 Α

88 1531 90 1535 ”
163 1526 319 1625 publicae
331 1525 522 1598 salutarius·
537 1545 635 1622 atque
650 1523 731 1596 haec
743 1547 808 1595 una
823 1546 895 1596 vox
909 1527 1068 1600 omnium
1079 1530 1135 1605 est.

136 1639 196 1707 κΑ
214 1652 246 1705 te
265 1651 377 1706 autem
391 1650 495 1729 peto,
513 1632 562 1717 uti
575 1656 631 1708 me
645 1631 732 1706 hanc
755 1632 845 1728 quasi
865 1631 980 1706 falsam
1001 1637 1134 1711 heredi·

161 1759 267 1815 ratem
283 1740 406 1813 alienae
424 1740 548 1838 gloriae
564 1736 645 1808 linas
660 1762 817 1827 cernere,
830 1764 951 1837 meque
965 1743 1078 1842 aliqua
1092 1773 1133 1820 ex

134 1871 259 1949 parte
282 1850 319 1922 in
345 1849 534 1922 societatem
551 1865 683 1919 tuarum
701 1845 838 1917 laudum
858 1848 978 1920 venire
1000 1854 1170 1946 patiare.

38 2014 40 2019 ,
143 1983 389 2060 quamquam,
397 1984 445 2030 ιιιι
435 1953 636 2030 Dolabella
642 1953 765 2052 ,(haec
779 1955 869 2027 enim
884 1956 1016 2032 iocatus
1029 1961 1132 2061 sum‚)'

159 2070 322 2149 libentius
337 2093 456 2141 omnes
467 2083 587 2156 meas,
599 2064 749 2138 finrodo
766 2063 842 2136 sunt
866 2059 997 2162 aliquae
1011 2095 1130 2160 meae,

138 2210 147 2242 ·.
164 2179 279 2253 laudes
293 2179 335 2249 ad
348 2202 381 2249 te
392 2119 623 2254 transfuderim
633 2198 758 2272 ,quam
773 2174 916 2270 aliquam
928 2196 1076 2287 partem
1073 2206 1129 2254 ex·

115 2380 121 2389 .
165 2287 329 2365 hauserim
344 2310 385 2357 ex
398 2286 561 2360 misnam
581 2307 659 2356 cum
672 2301 707 2356 te
721 2282 848 2376 semper
864 2280 993 2358 tantum
1007 2289 1127 2385 pileu-

164 2398 254 2488 rim,
278 2408 496 2494 quantum-tu
516 2392 702 2489 intelligere
720 2390 878 2487 potuisti,
899 2402 971 2473 sum
1001 2398 1054 2472 his·
1069 2399 1127 2473 tuis
1167 2406 1170 2427 '

107 2512 110 2516 “
165 2508 260 2605 fastis
277 2506 322 2578 fic
342 2503 492 2577 incensus
510 2504 604 2592 sum,
624 2519 661 2575 ut
679 2501 925 2602 nihilunq'uam
954 2504 989 2576 in
1016 2532 1124 2582 amore

15 2686 18 2703 ,
164 2617 266 2690 suerit
279 2614 458 2687 ardentius.
476 2612 569 2688 Nihil
582 2611 630 2685 est
650 2607 857 2701 enim,mihi
879 2613 995 2704 crede,
1008 2617 1124 2690 virtute
1146 2605 1170 2691 ἰ

17 2780 19 2787 s
148 2724 367 2812 formosam,
386 2722 474 2794 nihil
490 2711 684 2817 pulchrius,
702 2720 786 2794 nihil
803 2722 984 2796 amabilius
1004 2725 1123 2822 semper
1158 2733 1170 2802 l

164 2834 297 2925 amavi,
312 2857 349 2907 ut
374 2832 457 2921 scis,
471 2834 520 2905 M.
545 2833 704 2919 Brutum,
723 2849 859 2930 propter
874 2831 944 2905 eius
964 2832 1122 2908 summum
1154 2868 1170 2937 3

163 2947 351 3046 ingenium,
364 2943 569 3016 suavissimos
582 2942 913 3040 mores,s1ngularem
926 2946 1119 3057 probitatem
1154 2978 1170 3024 ι

163 3074 264 3149 atque
282 3051 523 3138 constantiam
539 3069 652 3125 tamen
672 3046 787 3124 Idibus
811 3055 916 3122 Mart.
928 3038 1058 3125 tansum
1074 3077 1118 3126 ac
1151 3092 1170 3138 ῃ

48 3226 49 3230 ,
123 3241 131 3257 ,
162 3165 256 3240 ceffit
269 3165 311 3237 ad
325 3187 496 3253 amorem,
508 3180 547 3236 ut
560 3187 697 3237 mirarer
705 3163 817 3237 locum
829 3160 924 3239 finisse
938 3162 1116 3260 augendiin

101 3281 107 3292 ’
135 3320 137 3325 >
160 3301 206 3354 eo
217 3276 333 3375 ,quod
350 3275 433 3348 mihi
449 3275 649 3401 iampridem
664 3275 880 3348 cumulatum
883 3274 983 3347 etiam
996 3275 1116 3350 videba-

50 3396 68 3441 Γ
161 3408 228 3462 tur.
251 3385 324 3485 quis
345 3405 434 3476 erat,
447 3386 505 3484 qui
521 3403 650 3482 putaret
672 3386 714 3458 ad
733 3411 810 3459 eum
829 3409 1005 3480 amorem,
1026 3396 1131 3482 quen

122 3560 128 3574 .
159 3525 238 3596 erga
258 3519 292 3569 te
311 3497 489 3582 habebam,
513 3496 607 3592 polle
632 3496 755 3631 aliquid
776 3496 958 3570 accedere?
998 3513 1113 3571 tantun
1159 3517 1170 3562 ι

22 3675 50 3719 ,3
89 3670 92 3675 -
159 3608 313 3698 acceffit,
330 3629 367 3678 ut
380 3604 493 3679 mihi
482 3618 569 3680 nunc
584 3587 751 3704 denique
754 3631 866 3680 amare
880 3606 1031 3697 videar,
1024 3622 1110 3678 antea
1158 3601 1170 3675 l

92 3717 315 3798 illexisse.
333 3719 447 3809 Quare
462 3716 544 3816 qiud
555 3702 629 3811 eh,
637 3715 730 3816 quod
741 3740 807 3814 ego
818 3734 851 3790 te
860 3715 995 3810 horter,
1008 3732 1045 3789 ut
1056 3712 1109 3808 dig
1155 3727 1170 3784 ι

63 3858 242 3992 Γ.
