2348 4238
260 298 270 336 .·
379 212 606 323 ιιιιιιιι
655 251 777 324 xvr.
1000 262 1091 351 ¹37'

98 406 134 483 se
149 407 317 485 dixerunt.
336 414 410 508 Ego
427 410 557 501 auteni,
569 412 617 483 mi
636 412 774 503 Psance,
788 411 927 487 etfinon
941 414 1078 489 dubita.
1138 492 1141 499 ,

102 521 202 610 bam,
214 518 298 617 quin
309 537 343 594 et
355 520 694 612 senamseonsultum,
710 542 744 595 et
757 521 829 613 lex,
848 545 882 597 et
895 524 1068 602 consulum

103 629 277 703 decretum
299 656 338 703 ac
360 630 473 703 literae
496 632 584 728 apud
603 649 637 704 te
659 632 840 728 plurimum
864 634 1070 709 ausiotitatis

102 739 283 829 haberent,
307 759 408 839 teque
426 741 527 838 ipsius
547 741 649 817 Attici
671 742 764 815 causa
786 743 873 817 velle
894 744 1068 818 intellexe-

102 873 174 921 ram
181 874 195 935 3
217 865 332 922 tamen
353 842 442 939 hoe,
465 876 529 947 pro
551 852 787 927 coniunnione
809 875 844 926 et
864 855 1069 930 benevolen-

100 960 147 1039 ,tia
165 959 303 1052 nostra,
324 961 407 1033 mibi
425 961 540 1053 sumsr,
553 979 590 1037 ut
602 963 638 1035 id
651 986 670 1035 a
682 950 896 1059 repeterem,
907 964 1069 1063 quodtua
1088 969 1092 977 '

107 1070 275 1169 singularis
301 1072 486 1145 humanitas
505 1072 750 1172 suavissimique
780 1098 893 1147 mores
919 1100 940 1145 a
964 1093 997 1147 te
1019 1075 1070 1163 es-

106 1183 173 1255 sent
190 1182 415 1281 impetraturi.
436 1184 473 1255 id
492 1184 602 1255 autem
623 1182 690 1274 est,
703 1207 740 1257 ut
759 1185 848 1281 hoc,
859 1184 954 1280 quod
969 1204 1002 1257 te
1013 1202 1069 1257 tua

103 1292 220 1388 sponte
238 1292 406 1368 sadurum
424 1293 489 1367 esse
503 1316 596 1367 certo
610 1294 697 1383 scio,
710 1295 850 1367 honoris
868 1293 970 1367 nostri
985 1321 1070 1371 cau-

106 1401 135 1474 sa
149 1404 319 1494 libenter,
335 1404 486 1502 prolixe,
502 1404 651 1477 celeriter
671 1402 782 1477 facias.
801 1404 883 1475 mihi
902 1429 1004 1477 nemo
1021 1404 1069 1477 est

100 1513 266 1603 amicior,
281 1539 344 1587 nec
359 1514 551 1603 iucundior,
563 1538 626 1586 nec
639 1514 749 1587 carior
757 1517 893 1597 Attico:
908 1515 1000 1591 cuius
1013 1532 1067 1607 an·

104 1638 152 1695 tea
163 1648 218 1696 res
231 1622 338 1695 solum
353 1621 521 1697 familiaris
535 1624 703 1720 agebatur,
715 1651 820 1723 eaque
832 1649 1069 1723 magm3nunc

104 1734 234 1809 aceeffit
254 1734 354 1807 etiam
374 1734 593 1825 existimatio,
610 1757 667 1828 ut,
688 1740 781 1836 quod
805 1739 1007 1812 consecutus·
1020 1737 1068 1811 esi

100 1865 220 1939 magna
239 1861 273 1915 et
290 1841 470 1931 industria,
492 1860 526 1917 et
547 1847 671 1941 gratia,
692 1866 727 1920 et
745 1847 831 1935 vivo
848 1849 1009 1939 Caesare,
1034 1865 1069 1921 et

102 1969 264 2038 mortuo,
275 1950 333 2041 id,
346 1974 379 2024 te
390 1951 587 2044 adiuvante,
601 1952 761 2028 obtineat.
777 1958 872 2053 quod
885 1958 908 2028 si
921 1984 941 2029 a
958 1975 991 2030 te
1004 1960 1068 2031 erit

100 2060 336 2163 impetrarem,
351 2062 395 2139 'fic
415 2063 517 2139 velim
534 2064 719 2156 existimes,
739 2058 794 2139 m‘e
812 2068 854 2141 de
869 2085 925 2140 tua
945 2069 1067 2141 libera·

95 2170 188 2247 litate
209 2172 258 2244 ita
271 2171 585 2270 interpretaturum,
604 2197 641 2249 ur
662 2198 722 2249 tuo
745 2174 879 2249 summo
900 2175 1067 2255 beneficio

97 2309 153 2357 me
171 2281 329 2358 effessum
345 2282 503 2369 iudicem.
525 2310 609 2383 ego,
630 2311 715 2383 quae
734 2305 768 2358 re
788 2287 897 2376 velle,
915 2312 1066 2386 quaeque

95 2392 140 2465 ad
162 2410 198 2463 te
224 2391 403 2488 pertinere
424 2390 632 2481 arbitrabor,
662 2391 804 2469 studiose
828 2394 1068 2492 diligenterque

88 2506 238 2580 eutabo.
256 2504 298 2577 da
308 2529 470 2653 operam,
488 2527 527 2579 ut
538 2504 660 2578 valeas.
760 2574 764 2583 .

88 2650 339 2786 'merito
365 2690 617 2786 vanuco
647 2650 863 2787 eninr
888 2715 1008 2789 uas
1032 2716 1064 2791 s
1113 2678 1115 2683 ’

97 2850 242 3024 IAM
232 2965 329 3018 antea
342 2941 447 3043 petivi
460 2916 517 3016 ais
533 2960 565 3016 te
577 2967 637 3040 per
654 2930 764 3016 literas
776 2996 787 3032 ,
801 2961 856 3029 ut,
876 2968 955 3015 cum
969 2942 1065 3018 causa
1097 2968 1099 2973 ¹

96 3052 358 3129 Buthrotiorum
369 3053 508 3151 probata
522 3076 540 3123 a
555 3050 741 3124 consulibus
755 3048 973 3157 effet,quibus
985 3067 1017 3123 et
1026 3050 1068 3125 le·
1104 3092 1108 3105 ·

85 3189 161 3287 ‘ge
153 3185 199 3237 et
203 3160 489 3235 senatusconsulto
500 3160 689 3259 permissum
702 3179 791 3251 erat,
806 3178 844 3233 ut
866 3160 907 3232 de
920 3161 1066 3237 Caesaris

86 3262 176 3357 ,attis
189 3269 456 3368 cognoscerent,
474 3268 647 3343 statuerent
657 3269 886 3360 i,udicarent,
907 3295 980 3342 eam
991 3297 1065 3344 rem

83 3405 130 3465 ru
142 3379 346 3455 adiuvaret·
332 3433 349 3505 .’
365 3379 577 3479 Atticumque
597 3380 770 3471 nostrum,
784 3382 879 3454 cuius
891 3398 923 3453 te
936 3376 1065 3457 studio-

86 3491 166 3565 sum
186 3489 368 3588 cognovi,
383 3506 415 3562 et
428 3514 482 3562 me
494 3540 515 3577 ,
520 3485 661 3614 quinon
675 3489 785 3562 nrinus
798 3489 935 3576 laboro,
955 3491 1064 3565 mole·

82 3599 325 3675 stialiberares.
345 3598 502 3673 omnibus
512 3623 603 3671 etum
615 3599 713 3672 rebus
725 3625 853 3697 magna
866 3626 967 3691 cura,
972 3601 1080 3675 mus·
1098 3615 1119 3631 ⁴

84 3726 121 3785 ta
134 3731 269 3822 opera,
290 3723 325 3781 et
338 3705 451 3827 labore
465 3706 684 3798 consessus
674 3733 710 3783 m
726 3725 761 3787 te
778 3708 922 3810 positum
935 3711 1002 3805 est,
1026 3728 1063 3835 ut
