2348 4238
249 325 252 342 ,
310 256 683 345 munnam.
753 247 757 273 ¹
899 286 970 362 217
1074 296 1078 301 .

82 409 112 489 se
130 412 274 489 habente
287 415 469 505 domestica
490 442 594 510 vero,
606 441 645 494 ut
663 418 832 496 volumus.
851 424 973 500 Valent

82 525 130 616 ti,
141 524 283 610 studiose
296 527 447 619 discunt,
460 529 635 627 diligenter
645 530 829 624 docentur,
843 551 878 606 et
890 556 974 625 nos,

82 659 151 711 nter
176 635 210 709 se
234 659 356 711 amant.
374 639 604 735 Expolitiones
628 640 800 738 utriusque
823 640 975 738 nostrum

82 775 84 820 :
103 747 142 820 in
153 747 307 823 manibus
321 775 331 823 z
345 750 400 822 sed
415 767 471 822 tua
486 749 529 851 ad
541 747 726 846 perseclum
740 751 805 825 iam
817 774 869 824 res
881 750 980 831 rulli-¹

82 860 194 934 lrcani
208 879 242 935 et
256 860 386 941 Laterii.
407 862 579 933 Ptaeterea
597 855 738 959 de'aqua
758 882 793 935 et
815 862 870 935 via
893 865 982 957 nihil·

82 970 216 1045 etermist
239 972 383 1070 quadam
407 969 567 1066 epistola,
582 971 664 1068 quin
689 972 859 1047 enucleare
880 975 922 1046 ad
941 994 975 1048 te

82 1081 260 1154 Tcriberem.
271 1079 327 1152 sed
339 1091 394 1152 me
405 1072 459 1150 illa
470 1103 549 1151 utra
561 1076 732 1167 sollicitat,
746 1081 899 1178 angitque
913 1098 974 1153 ve*

82 1206 204 1276 tenter,
217 1189 312 1288 quod
324 1186 451 1260 dierum
466 1186 532 1258 iam
545 1185 684 1282 amplius
698 1207 720 1260 ι
733 1186 907 1261 intervallo
918 1190 973 1262 ni·

82 1324 92 1372 ι
105 1316 155 1390 te,
169 1299 284 1372 nihifa
298 1295 453 1387 Caesare,
468 1288 549 1368 nihil
562 1292 684 1367 existis
698 1295 797 1384 locis,
808 1319 878 1368 non
892 1323 970 1375 mo.-

82 1406 321 1497 iterarum,sed
331 1430 372 1477 ne
384 1403 528 1477 rumoris
541 1403 675 1501 quidem
694 1403 831 1477 affluxit.
845 1409 901 1477 Me
913 1432 973 1478 au·

94 1514 164 1587 iam
176 1535 210 1589 et
222 1538 313 1587 mare
324 1514 425 1602 illuc,
437 1530 470 1585 et
482 1531 568 1586 terra
591 1513 879 1616 sollicitam-neque
891 1519 975 1592 defi·

82 1623 100 1718 (
117 1643 155 1696 ut
172 1621 212 1702 fit
226 1624 262 1695 in
276 1647 391 1695 amore
404 1617 422 1720 )
434 1638 596 1720 ea‚'quae
610 1620 746 1710 minime
760 1627 865 1715 volo,
877 1628 974 1726 cogi·

82 1770 94 1807 c
115 1736 228 1828 Quare
240 1758 310 1806 non
327 1733 480 1830 equidem
494 1732 559 1804 iam
571 1751 605 1809 te
623 1758 730 1831 rogo,
744 1757 781 1808 ut
798 1739 839 1809 ad
849 1786 852 1790 -
863 1764 917 1811 me
932 1741 974 1814 de

83 1844 125 1917 de
137 1843 234 1919 rebus
244 1841 311 1915 illis
328 1840 467 1937 scribas,
482 1840 499 1940 (
513 1867 681 1939 nunquam
694 1845 784 1916 enim
796 1899 807 1935 ‚
821 1871 897 1932 cum
913 1872 978 1945 po·
1093 1895 1095 1900 ·

82 1953 331 2051 ‚praetermittis
342 1949 382 2051 ‚)
397 1951 450 2026 sed
463 1953 530 2025 hoc
547 1951 674 2025 rescire
687 1954 792 2039 volo,
809 1955 891 2028 nihil
904 1957 976 2032 fere
1030 2018 1032 2022 .
1079 1970 1082 1990 '

82 2094 162 2165 uam
186 2093 239 2140 me
251 2061 294 2139 fi'c
309 2065 586 2162 exspellaffe‚ut,
599 2088 675 2141 cum
688 2067 770 2151 haec
782 2067 977 2163 scribebam,

82 2202 123 2250 'as
144 2171 224 2249 tuas.
243 2176 344 2248 Nunc
357 2173 523 2273 cognosce
540 2197 599 2264 ea,
611 2198 697 2271 quae
713 2173 786 2265 sunt
808 2176 843 2248 in
855 2179 978 2276 repub·

82 2286 328 2362 ‚Comitiorum
342 2284 496 2382 quotidie
508 2285 628 2383 singuli
643 2287 713 2360 dies
731 2288 891 2362 tolluntur
910 2290 977 2367 ob·
999 2323 1004 2338 ⁴

83 2397 294 2488 dationibus,
309 2416 426 2492 magna
438 2395 609 2483 voluntate¹
622 2396 791 2471 bonorum
806 2399 978 2471 omnium:

82 2537 101 2584 a
118 2510 246 2583 invidia
259 2511 332 2583 sunt
348 2505 496 2580 consules
508 2523 647 2603 propter
662 2507 880 2604 suspicionem
894 2534 977 2608 pac.

81 2647 128 2694 un
141 2647 161 2692 a
175 2619 353 2705 candidatis
375 2607 608 2716 praemiorum.
629 2618 814 2705 Candidati
832 2618 977 2695 consula·

91 2745 256 2828 quatuor,
268 2748 385 2802 omnes
402 2728 475 2800 rei:
499 2728 611 2830 causae
639 2730 712 2802 sunt
737 2729 904 2807 difficiles:
920 2729 976 2804 sed

83 2860 249 2930 emur‚ut
260 2841 394 2915 Messala
405 2839 516 2912 noster
526 2834 635 2942 salvus
644 2839 808 2938 s1t3quod
819 2842 866 2915 est
878 2843 978 2916 etiam

82 2980 90 3023 ι
116 2951 322 3048 reliquorum
351 2950 451 3022 salute
471 2948 699 3021 coniunctum.
725 2951 907 3023 >Gabinium
922 2953 976 3048 ¹de
1066 3015 1068 3019 ,

82 3062 147 3134 ritu
165 3084 258 3133 reum
280 3060 360 3133 fecit
382 3061 416 3129 P.
435 3056 548 3143 Sulla,
572 3048 800 3129 subscribente·
818 3059 977 3156 privigno

82 3168 203 3257 nmio,
217 3169 316 3241 fratre
331 3166 493 3256 Caecilio,
507 3164 613 3237 Sullae
622 3163 704 3236 filio.
717 3165 930 3240 Contradixit
943 3170 980 3255 L.
1058 3205 1060 3210 Α

82 3301 230 3381 qualus,
255 3281 478 3378 omnibusque
512 3276 700 3369 libentibus.
720 3303 801 3351 non
821 3278 977 3365 obtinuit,

82 3392 177 3483 teris,
191 3385 273 3489 quid
287 3389 343 3462 flat
357 3385 399 3462 de'
420 3390 591 3462 Gabinio?
604 3389 741 3463 sciemus
755 3390 799 3462 de
812 3388 976 3481 maiestate
1084 3384 1086 3388 ’

82 3533 128 3580 uo
149 3532 246 3604 :quo
267 3505 403 3602 quidem
420 3504 456 3576 in
475 3502 603 3576 iudicio
623 3501 706 3574 odio
720 3499 878 3599 premitur
900 3525 977 3572 om-

82 3643 104 3688 n
119 3640 301 3715 generum:
318 3613 462 3686 maxime
477 3612 609 3686 testibus
621 3613 770 3684 caeditur
784 3638 794 3683 a
808 3611 978 3706 acmrsato·

82 3756 107 3818 ta
134 3726 348 3827 frigidissimis
366 3727 497 3801 utitur:
512 3725 685 3809 confilium
705 3723 858 3798 varium:
875 3749 980 3824 quac,-
