2348 4238
163 273 209 372 ,ε
308 220 627 347 annotinum
653 274 719 345 an
734 270 963 346 ’nrncuu
1084 360 1088 371 ι
1159 282 1163 397 g

161 437 215 510 los
227 458 408 510 &excurrere
431 434 579 532 poffem,
599 453 633 507 et
653 435 695 507 ad
715 457 845 530 tempus
866 434 984 507 redire.
1004 428 1123 504 Lamia
1165 454 1170 477 ⁴

146 546 298 644 'quidem
319 570 338 616 a
359 544 464 615 Balbo
480 540 543 640 (ut
560 543 765 639 uidebatur)
789 539 981 628 audiverat,
1003 540 1125 611 multos
1167 556 1170 608 t

163 676 321 727 nummos
332 651 427 724 dorni
439 650 505 724 elle
512 669 715 738 numeratos,
729 674 815 746 quos
829 666 1003 745 oporteret
1013 673 1124 745 quarn·

35 816 37 827 .
163 762 312 860 primurn
339 759 456 832 dividi.
482 784 640 857 magnum
666 760 799 856 pondus
821 755 973 854 argenti,
996 775 1126 851 praeter

164 870 332 967 praedia:
358 869 547 941 austionenr
576 869 699 967 primo¹
715 890 850 965 quoque
875 876 1029 960 tempore
1057 862 1126 935 fieri

42 986 45 991 ’
78 1059 80 1063 ,
164 996 334 1073 oportere.
349 976 469 1049 scribas
480 976 522 1047 ad
536 1003 589 1049 me
600 976 717 1065 velim,
727 975 808 1073 quid
818 973 877 1045 tibi
890 975 1026 1068 placeat.
1039 972 1127 1068 equi·

165 1088 266 1175 dem,
288 1085 373 1158 srex
395 1086 553 1159 omnibus
566 1085 646 1159 esset
670 1085 881 1184 eligendum,
900 1108 964 1154 nec
985 1081 1126 1179 diligen·

164 1195 308 1283 dorem,
331 1220 392 1268 nec
414 1195 674 1290 officiosiorem,
693 1221 755 1268 nec
775 1195 876 1267 nostri
897 1192 1126 1266 studiosiorem

165 1302 262 1397 facile
286 1303 472 1401 delegissem
488 1304 668 1389 Vestori03
693 1304 735 1375 ad
755 1328 855 1399 quem
878 1302 1129 1375 accuratiffimas

165 1411 279 1503 literas
359 1411 395 1501 ”,
405 1414 500 1508 quod
511 1412 600 1483 idem
614 1431 648 1483 te
665 1408 775 1503 secisse
788 1410 941 1500 arbitror.
956 1408 1040 1480 mihi
1054 1410 1127 1506 qui·
1160 1470 1164 1505 1

167 1522 245 1599 dem
261 1523 303 1593 .h'
408 1519 415 1537 '
454 1521 596 1593 videtur.
620 1538 658 1592 tu
678 1517 757 1616 quid
778 1519 888 1591 diois?
911 1543 1016 1590 unum
1040 1518 1127 1588 enim

56 1701 62 1715 .
166 1625 635 1726 pungiunezr'regligentiores
648 1628 714 1702 effe
730 1625 912 1700 videamus·
934 1623 1128 1721 exspeblabo

152 1737 269 1836 'igitur
281 1761 353 1812 tuas
366 1737 488 1810 literas.

202 1978 205 1985 ,
316 1895 559 2015 clerano
610 1880 854 2013 nrrtco
903 1888 968 2013 s.

170 2177 229 2264 46.
246 2075 475 2249 POLL‘EX
494 2173 651 2271 quidem,
668 2192 705 2246 ut
724 2175 871 2262 dixerat,
891 2174 932 2246 ad
948 2174 1024 2246 ldus
1043 2177 1130 2247 Sext.

170 2281 216 2355 ita
240 2281 323 2352 mihi
343 2281 487 2354 Lanuvii
504 2283 610 2377 pridie
624 2283 698 2355 ldus
717 2284 844 2378 praesto
863 2284 925 2355 suit
937 2311 948 2369 ;
961 2284 1016 2354 sed
1036 2286 1131 2379 plane

104 2453 115 2469 a
171 2378 307 2489 pollex',
324 2414 396 2462 non
411 2386 523 2463 index.
539 2393 719 2488 cognosces
729 2389 830 2489 igitur
843 2417 885 2464 ex
898 2391 982 2488 ipso.
995 2392 1130 2463 Balbum

32 2544 35 2551 ·
170 2493 330 2583 conveni.
344 2496 462 2588 ,Lepta
486 2492 576 2565 enirn
599 2495 645 2568 'de
665 2489 720 2566 sua
748 2495 820 2567 vini
843 2497 1016 2567 curatione
1037 2497 1131 2568 labo-

170 2627 267 2690 rans,
292 2626 347 2672 me
361 2601 494 2673 adeum
513 2602 733 2697 perduxerat:
752 2603 786 2672 in
799 2627 841 2673 eo
855 2623 963 2675 autem
987 2603 1131 2675 lanuvi·

88 2794 89 2799 ¹
171 2735 220 2789 no
232 2762 244 2798 ,
258 2708 353 2805 quod
365 2708 493 2803 Lepido
507 2711 654 2799 tradidit,
666 2737 708 2782 ex
723 2737 767 2782 eo
779 2713 846 2784 hoc
860 2713 1004 2809 priorum
1019 2741 1028 2784 r
1043 2717 1132 2783 Pau·

27 2907 29 2911 ι
170 2827 203 2893 lo
222 2840 296 2887 aare
306 2843 478 2909 acceperam
490 2845 544 2889 cas
557 2822 681 2908 literas,
696 2823 852 2913 inquibus
867 2816 1046 2918 magnopere
1060 2849 1132 2893 con·

166 2932 295 3020 fimat,
316 2951 390 2999 aute
409 2931 500 3000 ludos
521 2931 697 3018 Romanos.
720 2929 783 3026 legi
805 2932 976 3028 epistolam
997 2959 1005 3003 :
1033 2934 1133 3005 multa

172 3041 215 3113 de
225 3062 308 3110 meo
325 3036 479 3125 Catone,
494 3063 565 3135 quo
584 3037 764 3134 saepissime
780 3040 921 3138 legendo
935 3041 966 3114 se
980 3042 1061 3126 dicit
1075 3070 1133 3116 co-

172 3148 356 3251 piosiorem
377 3145 522 3220 sallum:
542 3138 636 3239 Bauti
654 3149 784 3222 Catone
804 3150 890 3223 lecto
903 3152 935 3224 se
948 3149 1008 3222 sibi
1026 3150 1132 3223 visum

174 3259 346 3341 disertum.
371 3284 413 3332 ex
434 3282 478 3355 eo
497 3259 648 3354 cognovi
671 3260 853 3336 cretionem
873 3259 988 3333 Cluvii
1006 3259 1047 3358 (o
1063 3266 1133 3333 Ve-

173 3366 313 3444 storium
334 3360 601 3466 negligenteml)
618 3366 756 3437 liberam
776 3368 983 3456 cretionem,
1000 3369 1134 3442 testibus

173 3464 417 3577 praesentibus,
431 3476 597 3574 sexaginta
611 3476 940 3551 diebus.metuebarn
958 3502 1001 3550 ne
1018 3477 1073 3549 ille
1087 3505 1136 3550 ar·

43 3625 52 3639 s
176 3577 304 3662 cendus
317 3588 408 3661 esset.
421 3613 510 3660 nunc
526 3587 723 3662 mittendum
740 3588 804 3680 etl,
822 3608 858 3662 ut
871 3615 950 3663 meo
962 3589 1045 3661 iussu
1061 3597 1134 3662 cer‘·

18 3714 21 3719 ’
90 3760 92 3764 ,
175 3699 243 3778 nat*
265 3699 357 3776 idern
384 3697 485 3800 igitur
502 3696 629 3777 Pollex.
647 3700 747 3777 etiarn
766 3701 809 3775 de
835 3700 942 3777 hortis
963 3696 1137 3779 Cluviam

63 3848 193 3984 ἢ,
