2348 4238
134 344 138 353 ⁵
174 244 243 342 174
315 236 634 318 tustomnuu
660 236 727 310 ιι)
752 242 797 333 Q.
816 178 1038 313 lumnam
1166 248 1168 253 ·

169 408 360 506 tit,s1quid
378 400 516 504 periculi
533 400 738 492 subeundum
752 400 901 493 videbis,
915 402 1051 479 aivam.
1063 400 1130 475 diu·

168 521 234 592 tius
247 519 353 590 inhac
365 519 436 589 vita
452 512 597 586 ellenon
608 509 750 608 pollum.
769 535 878 609 neque
896 511 989 584 enim
1006 528 1128 585 tantum

166 627 292 701 vitium
313 624 413 696 habet
428 620 494 694 ulla
514 637 570 694 aut
592 613 785 715 drudentia,
812 636 870 691 aut
892 620 1070 711 deditina,
1096 638 1128 693 ιιι

168 755 298 810 tantum
318 734 471 805 dolorem
495 730 593 828 poffit
616 727 781 803 sustinete.
812 730 891 803 Scio
904 730 1009 806 wsuille
1026 749 1060 806 et
1075 733 1128 805 ho·

168 845 289 918 nestius
312 843 479 921 moriendi
502 863 653 939 tempus,
673 858 707 914 et
726 841 866 916 utilius:
889 842 1043 917 sednon
1068 845 1125 919 hoc

165 956 289 1030 solumt
308 953 411 1026 multa
428 952 492 1024 alia
512 950 737 1048 praetermisit
756 950 883 1050 quaest
906 954 1006 1051 queri
1028 955 1122 1027 velim

129 1134 134 1142 ,
166 1062 455 1163 praetenta,nihil
468 1052 575 1159 agam,
591 1059 650 1133 nist
663 1082 701 1133 ut
710 1084 849 1159 augeam
861 1062 1021 1137 dolorem
1030 1080 1127 1151 tuum,

166 1173 310 1248 indicem
329 1170 498 1243 stultitiam
520 1194 639 1242 meant.
661 1170 745 1243 Illud
768 1172 903 1269 quidem
926 1196 992 1246 nec
1011 1172 1127 1247 facien·

169 1283 304 1358 dumeti
314 1338 326 1375 ,
337 1308 400 1356 nec
415 1282 489 1356 fieti
501 1279 627 1379 potest,-
638 1306 692 1352 me
706 1282 839 1372 diutius,
854 1308 956 1379 quam
969 1302 1127 1358 auttuum

169 1413 321 1490 tempus,
341 1410 397 1465 aut
417 1391 513 1464 firma
532 1392 604 1487 spes
623 1389 828 1487 postulabit,
848 1393 883 1464 in
906 1410 976 1465 tam
997 1394 1128 1485 misen,

169 1524 304 1602 tamque
324 1503 413 1598 turpi
427 1499 498 1574 vita
516 1500 740 1586 commorati;
760 1519 817 1589 ut,
836 1500 895 1601 qui
914 1504 1025 1577 modo
1036 1503 1127 1578 fratre

169 1614 309 1700 luerim,
331 1614 464 1701 liberis,
487 1613 654 1710 coniuge,
677 1613 811 1708 copim
833 1638 957 1712 genere
978 1614 1055 1714 ipso'
1075 1642 1130 1715 pe·

125 1740 129 1747 '
169 1724 288 1796 cuniae
299 1721 520 1808 beatissimum
537 1722 718 1820 dignitate,
738 1725 953 1816 audiuntne,
971 1727 1129 1801 existima·

169 1835 280 1924 tione,
307 1834 411 1931 gratia
433 1856 504 1906 non
527 1830 693 1924 inferior,
711 1858 814 1934 quam
834 1835 894 1933 qui
913 1862 1067 1937 unquam
1082 1838 1130 1914 fu·

99 1950 112 1981 ·'
168 1963 266 2017 erunt
280 1944 466 2042 ampliffimi
478 1974 489 2029 ς
516 1947 544 2020 is
561 1970 650 2020 nunc
658 2000 670 2037 ,
691 1947 726 2019 in
748 1948 810 2022 hac
829 1968 897 2022 tatn
917 1950 1042 2025 afflitta
1064 1978 1132 2052 pet·

169 2053 303 2151 ditaque
318 2052 471 2151 fortuna,
484 2080 593 2153 neque
606 2080 683 2144 me,
698 2082 808 2155 neque
821 2082 916 2132 meos
935 2062 1050 2160 lugete
1062 2062 1129 2135 diu·

169 2166 236 2238 tius
252 2163 382 2262 poffim
412 2166 527 2258 Quare
541 2163 621 2263 quid
644 2166 685 2236 ad
698 2188 755 2237 me
773 2164 921 2262 scripstlli
941 2171 984 2241 de
1004 2162 1130 2266 permuss

106 2291 108 2296 ’
171 2276 323 2349 tatione?
341 2275 430 2374 quali
450 2299 536 2349 vero
550 2298 640 2347 nunc
654 2299 709 2345 me
724 2300 794 2346 non
808 2296 883 2348 tuae
900 2275 1071 2352 facultates
1087 2279 1118 2353 su
1099 2305 1129 2351 u·

74 2395 77 2405 '
172 2385 321 2460 (lineant.
341 2411 406 2484 qua
427 2386 461 2456 in
478 2411 514 2458 re
529 2384 597 2481 ipsa
613 2383 716 2458 video
734 2385 831 2457 miser
844 2404 899 2477 ,et
912 2388 1044 2482 sentio,
1058 2388 1130 2491 quid

173 2495 301 2569 sceleris
327 2497 535 2585 admiserim,
559 2520 636 2567 cum
662 2496 703 2568 de
723 2494 904 2570 visceribus
930 2499 996 2572 tuis
1019 2518 1052 2580 et
1076 2495 1168 2570 lilii

173 2607 224 2678 tui
248 2605 467 2681 satisfadlurus
499 2606 557 2696 sis,
582 2607 728 2705 quibus
720 2607 844 2692 debes;
874 2633 939 2707 ego
965 2630 1168 2709 acceptam3

173 2743 218 2790 ex
235 2717 362 2789 aerario
380 2719 552 2814 pecuniam
575 2737 634 2792 tuo
651 2720 788 2792 nomine
810 2720 926 2792 frustra
947 2720 1168 2825 dillipatitn.

172 2826 239 2900 Sed
255 2842 367 2896 tamen
388 2843 422 2897 et
445 2829 492 2898 M
513 2829 685 2915 Antonio,
706 2846 866 2925 quantum
891 2848 928 2901 tu
946 2826 1168 2929 scripserat,

175 2955 211 3009 et
234 2933 399 3030 Caepioni
423 2939 630 3012 tantumdem
655 2937 798 3011 solutum
824 2936 896 3009 est:
916 2939 1003 3011 mihi
1023 2943 1064 3014 ad
1082 2940 1168 3032 id,

175 3046 269 3143 quod
292 3043 426 3142 cogito,
441 3047 523 3135 hoc,
540 3049 633 3144 quod
652 3048 783 3136 habeo,
801 3047 874 3120 satis
891 3048 948 3119 ell.
968 3050 1041 3124 five
1052 3051 1131 3125 enim

175 3154 393 3244 restituimur,
405 3157 473 3229 stve
491 3157 718 3252 desperamut‚
736 3156 816 3227 nihil
830 3157 1071 3255 amplius'opus
1084 3154 1132 3230 est.

176 3265 251 3353 Tu,
271 3263 295 3333 st
314 3262 402 3335 sorte
426 3265 507 3360 quid
525 3265 589 3335 erit
609 3265 798 3354 molestiae,
818 3285 851 3337 te
874 3266 916 3337 ad
938 3268 1089 3341 Ctallum
1106 3283 1134 3340 et

179 3372 221 3443 ad
244 3371 412 3444 Calidium
433 3371 606 3463 conferas,
627 3376 755 3448 censen.
788 3379 969 3468 Quantum
992 3382 1134 3452 Honen·

180 3482 229 3554 fio
251 3486 454 3556 credendum
476 3486 534 3572 fit,
564 3487 685 3559 nescio,
709 3513 762 3559 me
786 3489 911 3560 summa
933 3487 1135 3561 simulatione
1166 3498 1168 3509 '

182 3593 326 3678 amotis,
341 3596 530 3693 summaque
539 3595 720 3668 assiduitate
731 3597 945 3693 quotidiana,
964 3595 1134 3671 sceleratis·
1164 3580 1168 3603 ¹

182 3700 262 3775 sune
292 3702 594 3803 infidiolillnneque
622 3706 793 3794 tradavit,
821 3705 978 3781 adiundlo
1007 3716 1142 3805 quoque

1155 2534 1168 2639 l
