2348 4238
318 253 412 328 An
461 250 795 328 cnutum,
929 268 1054 355 a„
1156 242 1161 249 ·

93 400 286 521 μώπιὶἱιὶ
298 419 441 514 scribere.
474 420 551 490 Cum
571 419 640 487 alia
653 419 773 502 laudo,
794 410 828 486 a
844 419 964 512 gaudeo
977 421 1061 489 acti·

92 530 187 631 diffe,
204 555 273 604 tum
287 533 372 626 quod
394 530 490 602 Bruti
515 532 634 622 eruptio
656 556 724 598 non
737 529 845 620 fhltirie
860 530 1062 628 ipfisaluta-

91 646 137 719 ris
155 642 246 736 ficit,
258 642 433 737 sedetiam
457 642 606 714 maxima
622 632 669 711 ad
688 641 848 713 vitiorium
869 632 1065 716 adiumento.

96 757 195 851 Quod
205 755 318 849 scribis
331 807 342 844 ,
357 756 453 825 trium
469 738 688 823 Antoniorum
706 777 804 820 unani
819 774 909 844 atque
930 755 1060 821 eandem

94 863 221 956 causam
233 857 289 959 effi
301 889 317 946 ,·
332 862 412 953 quib
429 884 483 954 ego
492 857 634 952 sentiam
645 911 657 945 ,
670 860 730 928 enei
745 859 854 928 iudicii
867 855 923 956 effe
935 859 1066 959 :statue

94 975 195 1057 nihil,
209 968 275 1069 nifi
291 973 374 1042 mc:
395 976 533 1042 Senatus
553 993 610 1040 aut
622 971 737 1063 populi
753 973 895 1040 Romani
913 974 1064 1042 iudicium

94 1081 149 1188 ste
161 1091 199 1158 dt
217 1089 260 1158 iis
283 1087 426 1172 civibus,
447 1086 502 1180 qui
519 1107 699 1180 pugnantis
713 1110 780 1178 nan
802 1085 985 1156 interierint.
1011 1089 1065 1156 At

96 1200 149 1271 boc
169 1197 272 1292 ipsum
286 1249 296 1285 ‚
312 1197 455 1291 inquies,
468 1197 573 1288 inique
584 1194 675 1286 facis
684 1246 696 1280 ,
713 1194 767 1287 qui
783 1193 899 1294 hastilis
913 1197 1014 1263 animi
1026 1196 1065 1265 itt
1131 1210 1133 1217 '

97 1308 312 1400 rempublicam
330 1307 470 1378 homines
483 1360 493 1395 ,
506 1307 588 1376 cives
608 1309 754 1398 appellet·
777 1304 880 1374 Immo
901 1307 1065 1403 itssiffime.

98 1415 196 1510 Quod
213 1416 299 1486 enim
318 1420 460 1486 nondum
465 1416 605 1508 senatus·
613 1417 752 1507 censuit,
774 1421 977 1508 necpopulus
992 1419 1065 1488 Ra

96 1550 211 1598 manus
233 1526 317 1625 iuffit
327 1577 338 1614 ‚
350 1529 385 1594 id
395 1551 574 1624 arroganter
583 1553 649 1596 non
658 1530 861 1621 praeiudico,
874 1555 1067 1623 nequqrero·

96 1656 129 1703 to
146 1638 195 1704 ad
214 1636 380 1705 arbitrium
393 1662 505 1708 meum.
528 1639 618 1707 illud
632 1637 755 1730 quidem
772 1665 838 1708 non
860 1663 964 1727 muto,
979 1641 1067 1733 quod

96 1743 146 1828 ei,
173 1769 264 1837 quem
281 1770 328 1813 me
349 1746 481 1815 occidere
503 1771 549 1817 res
569 1772 637 1816 non
657 1749 774 1842 coegit,
794 1775 887 1841 neque
906 1735 1067 1818 crudelitti

97 1854 266 1951 quidquam
280 1856 379 1948 eripui
392 1908 403 1940 ,
417 1882 513 1949 neque
526 1851 668 1952 diffolute
681 1860 851 1950 quidquam
871 1856 988 1955 remifi;
1001 1859 1065 1928 ba·

97 1966 205 2061 iuiquc
223 1968 260 2036 in
274 1992 342 2036 mta
348 1967 514 2068 potestate,
529 1971 635 2060 quoad
645 1971 754 2038 bellum
765 1971 848 2060 suit.
874 1973 1066 2064 Multoqut'-

97 2080 161 2150 dem
185 2077 342 2180 honestius
368 2080 492 2163 iudico,
516 2081 674 2174 magisque
692 2083 778 2172 quoa'
798 2085 954 2152 concedere
974 2082 1067 2180 pqffie

96 2188 291 2280 respublica,
311 2185 485 2278 miserorum
497 2188 667 2278 fitrtunarrt
691 2215 758 2257 non
785 2188 948 2281 inficiati,
968 2217 1068 2284 quam·

82 2296 218 2390 ¹infinite
236 2299 364 2368 tribuere
383 2301 581 2391 potentibus,
605 2326 683 2393 quae
703 2297 953 2392 cupiditatem&
974 2327 1067 2370 arro·
1112 2352 1116 2360 ι

88 2409 241 2504 gantiam
270 2411 426 2478 incendere
441 2409 566 2506 poffint.
603 2406 680 2502 Qua
695 2413 729 2477 in
744 2436 792 2493 re,
808 2411 935 2493 Cicero,
950 2412 1000 2480 uir
1014 2436 1065 2503 op·

88 2522 166 2590 cirne
186 2516 422 2614 aefhniffime‚
447 2519 584 2612 mihique
613 2520 743 2608 merito,
767 2514 799 2587 ἃ
823 2543 890 2586 meo
917 2519 1068 2604 nomine,

88 2627 339 2721 &reipublitam
353 2629 520 2726 cartffime,
531 2633 631 2705 nimis
646 2636 756 2703 credere
770 2633 961 2725 uiderissp'ei
972 2657 1067 2720 tuae,·

82 2741 279 2837 statimque,
294 2765 329 2819 ut
348 2744 477 2836 quisque
498 2744 625 2836 aliquid
647 2743 854 2835 rciiefec'erit‚
866 2747 976 2815 ontnt'a
995 2749 1068 2814 darc

85 2879 127 2921 ac
134 2853 312 2944 permittere
324 2875 337 2921 .·
360 2845 451 2948 quast
459 2877 526 2921 nort
547 2855 640 2926 liceat·
653 2855 775 2922 traduci
785 2856 832 2923 ad
842 2856 930 2922 mala
940 2852 1068 2950 confilia

83 2986 270 3057 corruptum
293 2958 520 3058 largitionibus'
535 2967 689 3032 animum.
717 2965 809 3056 Quae
823 2986 880 3034 tua
899 2964 1070 3065 esthama·

88 3076 215 3158 nitas,
232 3099 329 3166 aequo
353 3074 462 3143 animo
480 3095 508 3142 tt
527 3075 643 3142 moneri
660 3074 791 3165 patierii
803 3120 815 3160 ,
829 3074 1007 3166 praesertim
1030 3077 1069 3152 de

86 3183 259 3256 communi
291 3184 401 3251 alute:
419 3179 526 3271 facies
547 3203 671 3266 tamen,
693 3183 779 3273 quod
799 3181 858 3251 tibi
878 3183 978 3274 risum
994 3182 1070 3273 fite·

86 3294 162 3362 rit:
179 3282 273 3360 etiam
293 3316 361 3386 ego,
383 3316 453 3361 tum
472 3317 524 3361 rne-
537 3291 686 3362 docueris.
708 3293 827 3389 Nunc,
840 3294 964 3379 Cicero,
982 3319 1071 3363 nunc

89 3401 252 3497 agendum
267 3399 316 3501 est,
331 3399 494 3496 nefrulira
501 3453 513 3487 ,
522 3397 691 3499 opprcffitnt
703 3398 760 3500 effe
770 3405 962 3486 Antonium,
973 3400 1075 3498 gaqiſs

83 3507 209 3601 fimus,
223 3535 284 3580 neu
297 3509 421 3603 semper
432 3513 530 3604 primi
551 3513 695 3605 cuiusque
710 3514 789 3582 mali
801 3513 963 3587 excidendi
976 3515 1072 3606 causti

83 3617 132 3709 lie
144 3663 158 3704 ‚
170 3639 208 3688 ut
227 3620 321 3690 aliud
331 3619 508 3711 renascatur
518 3623 575 3691 illo
582 3623 686 3713 peius.
706 3622 803 3691 Nihil
818 3621 882 3689 iant
895 3647 990 3713 neque
1001 3626 1074 3718 opi.

94 3728 279 3821 nantibus,
299 3751 358 3802 auc
373 3730 569 3826 patientibus
591 3734 683 3804 nobis
694 3781 707 3820 ,
731 3727 853 3828 adrtrfi
873 3733 990 3825 evenire
1008 3757 1072 3830 pc-

1094 3930 1137 3982 A
