2348 4238
300 224 771 330 annnorum·
949 258 1024 359 aaa
1154 247 1162 264 ·

62 414 204 515 mplum
226 412 300 489 tibi
314 413 448 488 missurn
474 415 640 502 arbitror,
662 415 849 514 perspicere
877 420 1025 516 potuisti.

62 527 219 629 xpidi,
206 527 257 600 tui
272 525 457 616 necessarii,
476 526 736 626 qui'secundum
755 525 890 600 statrern
910 528 1024 606 affines
1082 571 1084 575 >

62 643 150 715 tabet
151 663 265 738 ‚quos
277 638 387 712 oderit
399 637 594 760 proximor,
603 636 772 712 levitatem
789 656 822 714 et
836 639 1024 714 inconstan-

62 751 133 825 iam
151 749 370 845 animumque
390 747 547 849 semper
538 747 712 821 mimicum
733 749 982 854 reipublicae
955 777 1024 826 ram

62 859 165 933 nedo
172 856 262 931 tibi
247 882 288 930 ex
303 873 441 929 morum
457 854 558 930 literis
573 855 639 931 effe
654 852 872 985 perspedium
890 886 953 934 nos
966 887 1023 937 cx-

62 968 216 1069 lpedlatio
228 950 397 1061 sollicitat,
408 991 495 1066 quae
507 967 555 1044 est
573 969 685 1041 omnis
702 968 819 1042 iamin
836 991 1023 1047 extremum

62 1080 196 1154 eddudla
219 1078 406 1153 discrimen.
442 1077 499 1150 Est
520 1077 612 1151 enim
632 1079 705 1175 spes
728 1080 840 1152 omnis
859 1080 894 1152 in
918 1082 1023 1156 Bruto
1150 1096 1154 1107 '

62 1170 300 1285 expediendo,
312 1185 355 1259 de
378 1210 450 1282 quo
473 1183 690 1258 vehementer
707 1185 915 1260 timebamus.
949 1193 1024 1287 Ego

62 1296 111 1371 bic
129 1322 208 1371 cum
232 1297 369 1369 homine
395 1294 525 1369 furioso
552 1294 624 1367 satis
642 1295 750 1371 habeo
767 1297 892 1394 negotii
912 1301 1024 1374 Servi·

62 1406 126 1495 lio;
150 1430 253 1504 quem
270 1405 330 1476 tuli
347 1400 489 1493 diutius,
503 1429 601 1503 quam
623 1403 765 1500 dignitas
785 1429 859 1476 mea
876 1408 1024 1503 patieba-

62 1532 138 1601 tur.
154 1515 212 1588 sed
233 1515 294 1591 tuli
317 1513 529 1611 reipublicae.
545 1514 660 1598 causa,
684 1537 725 1584 ne
748 1514 860 1586 darem
886 1515 1030 1610 perditis

62 1624 190 1698 civibus
208 1624 400 1712 hominem,
422 1648 539 1743 patum
556 1621 670 1695 sanum
687 1621 780 1693 illurn
798 1621 954 1720 quidem,
967 1622 1024 1696 sed

62 1752 171 1807 tamen
181 1734 328 1805 nobilem
337 1722 433 1830 ,qud
453 1753 709 1805 concurrerent:
724 1733 818 1829 quod
832 1731 1004 1805 sacitmt
971 1760 1023 1806 ιιι-

62 1840 185 1915 bilo
137 1867 267 1915 minus:
281 1842 336 1937 sed
349 1865 424 1912 eum
439 1841 650 1912 alienandum
664 1867 682 1911 a
695 1839 864 1937 republica
878 1866 948 1914 non
963 1869 1022 1938 pu·

62 1955 197 2037 tabams
211 1953 327 2025 Finem
345 1951 498 2025 freierus
519 1951 656 2024 ferendi
686 1971 842 2047 coeperat
864 1953 952 2024 enirn
973 1953 1024 2026 es-

62 2062 205 2141 setanta
228 2060 419 2147 insolentia,
448 2078 487 2132 ut
515 2060 681 2131 neminem
706 2062 846 2141 liberum
876 2063 1022 2136 duceret.

62 2171 223 2247 lnPlanc1
238 2194 323 2245 vero
344 2170 439 2242 causa
452 2169 569 2242 exarsit
590 2168 776 2244 incredibili
797 2172 933 2263 dolore,
948 2200 1023 2246 me·

62 2305 204 2374 uimque
225 2305 285 2375 per
305 2274 443 2350 bidutim
462 2279 506 2348 ita
517 2279 710 2370 contendit,
727 2299 761 2354 et
774 2307 793 2353 a
806 2309 860 2356 me
873 2284 918 2355 ita
938 2283 1026 2356 srae-

62 2388 194 2476 tusest‚
206 2412 245 2461 ut
264 2411 340 2459 eum
363 2376 624 2509 inperpetuum
638 2388 874 2461 modestiorem
895 2392 1024 2486 sperem
1081 2374 1086 2383 ¹

62 2494 141 2593 fore.
161 2496 291 2594 Atque
283 2522 319 2567 m
333 2496 394 2567 hac
411 2497 626 2568 contentione
635 2496 730 2621 ipsa,
751 2522 854 2594 quum
879 2500 1024 2573 maxime

62 2626 112 2679 ies
127 2629 279 2705 ageretur
296 2629 325 2676 a
338 2605 370 2675 d.
385 2629 410 2677 v
424 2603 472 2674 ld.
497 2605 602 2698 April.
621 2605 739 2681 literae
754 2606 867 2677 mihi
859 2634 894 2679 m
913 2609 1024 2683 senatu

62 2714 207 2787 redditae
225 2713 330 2784 sunta
348 2713 490 2783 Lentulo
509 2711 640 2801 nostro,
655 2714 695 2784 de
716 2700 844 2805 caffio,
861 2719 903 2788 de
921 2720 1027 2816 legio·

62 2824 177 2913 nibus,
196 2826 238 2895 de
256 2822 372 2921 Syria:
387 2847 468 2919 quas
485 2823 593 2896 statim
612 2850 689 2896 curn
706 2827 947 2917 recitandam,
966 2855 1025 2900 ce-

62 2935 142 3008 cidit
162 2933 343 3023 Servilius,
356 2934 543 3028 complures
563 2955 743 3029 praeterea.
764 2935 837 3005 sunt
860 2938 950 3007 enirn
972 2938 1024 3008 in·

62 3042 164 3142 fignes
182 3030 331 3142 aliquot,
350 3045 407 3141 qui
430 3044 672 3140 improbissime
686 3039 853 3116 sentiunt:
866 3045 920 3117 scd
934 3038 1026 3118 acer-

62 3150 477 3251 biffime‘tulitServilius,
498 3152 657 3223 assensum
680 3151 743 3223 esse
762 3153 846 3225 mihi
865 3155 907 3225 de
926 3156 1025 3225 Plan-

62 3276 114 3341 αι.
143 3273 308 3366 Magnum
327 3265 407 3337 illud
431 3260 618 3333 monstrum
644 3260 681 3331 in
702 3261 873 3358 republica
891 3263 939 3336 est
960 3268 979 3303 '²
1003 3265 1024 3303 ⁴*

261 3376 356 3476 Deest
377 3375 469 3444 huius
488 3373 625 3473 epistolae
636 3397 716 3463 pars
733 3394 880 3441 extrema.

209 3501 455 3574 BRUTUS
504 3499 815 3573 CICERONI
864 3501 894 3573 S.

62 3616 105 3700 De
120 3636 287 3703 Dolabellae
305 3613 475 3713 crudelitate,
491 3632 599 3699 Antistii
613 3634 768 3698 liberalitate
779 3636 810 3698 δι
822 3633 965 3698 Ciceronis
982 3634 1031 3699 lilii

96 3736 238 3805 laudibus.
567 3768 573 3778 ·
1086 3761 1091 3770 ·
