2348 4238
24 277 28 284 ‘
161 244 211 321 66
277 246 290 258 “
330 241 651 318 EPISTOLARUM
676 184 988 318 aolTTlcoM
1030 295 1032 299 -

107 418 133 441 '·
154 399 327 483 cavissem.
344 405 394 478 'ibi
416 404 497 478 milri
521 399 679 491 coeninti
698 405 813 477 literae
827 423 902 477 tuae
924 405 998 481 sunt
1013 406 1134 481 reddi-

14 610 19 617 ,
51 526 81 608 ᾗ,
151 508 230 602 tae,
244 541 324 613 quas
338 516 474 588 dederas
487 514 668 592 Demetrio
682 515 802 586 liberto
816 514 901 610 prid.
914 516 993 589 Kal.
1007 508 1044 588 in
1057 519 1130 614 qui.-

158 628 221 703 bus
235 628 338 700 multa
351 626 541 723 sapienter,
569 625 625 696 sed
644 635 754 720 tamen
776 623 872 713 talia,
899 627 1131 729 quemadmo·
1154 654 1160 668 ·

158 742 240 816 dum
251 759 324 813 ture
345 738 527 832 scribebas,
550 755 590 809 ut
612 759 714 811 omne
736 736 940 813 confilium
931 763 966 808 ιιι
992 737 1132 812 fortuna

42 936 47 943 ,
129 851 305 980 posrturp
325 847 636 947 videreturitaque
650 846 700 918 his
716 847 872 920 derebus
890 836 934 927 err
948 869 1132 955 tempore,

44 987 56 1009 ·
159 979 195 1035 et
217 985 342 1034 coram.
374 961 430 1032 De
446 957 634 1032 Buthrotio
659 957 818 1056 negotio,
843 958 967 1029 utinam
991 950 1129 1054 quidem

31 1129 33 1133 a
159 1069 344 1144 Antonium
361 1069 584 1141 conveniam
578 1063 746 1139 'multum
769 1065 924 1164 profello
939 1066 1132 1165 proficiente

29 1263 35 1275 ‚
153 1165 298 1263 sednon
311 1178 509 1250 arbitrantur
522 1200 599 1250 eum
617 1200 636 1247 a
656 1176 771 1271 Capua
784 1177 1036 1250 declinaturum.
1057 1203 1129 1274 quo

113 1287 315 1384 quidem,
331 1311 470 1375 metuo,
493 1313 533 1362 ne
557 1309 681 1382 magno
700 1285 897 1380 reipublicae
918 1286 1007 1367 malo
1023 1311 1129 1360 vene·

75 1420 78 1425 ·
107 1439 110 1443 .
160 1392 215 1471 rit.¹
245 1399 340 1494 quod
358 1396 447 1469 idem
470 1398 507 1467 L
526 1392 657 1467 Caesari
682 1396 879 1484 videbatur,
899 1423 999 1495 quem
1020 1399 1130 1495 pridie
1162 1403 1165 1410 '

96 1501 302 1603 Neapoli
316 1505 472 1579 affeliunr
487 1503 634 1602 graviter
648 1503 811 1580 videram.
832 1506 1056 1602 quamobrem
1072 1507 1129 1581 illa

15 1684 16 1688 ,
122 1671 132 1707 ,
160 1614 260 1688 nobis
278 1615 320 1686 ad
341 1615 501 1693 Kallrrn.
507 1613 683 1687 tracianda
697 1630 729 1686 et
748 1612 1047 1710 perficiendasunt.
1076 1616 1138 1691 sed'

121 1719 326 1795 whartonus
368 1724 414 1817 Q.
441 1720 528 1795 filius
544 1710 595 1794 ad
612 1737 743 1829 patrem
776 1721 995 1798 acerbissinras
1021 1726 1132 1803 litem

163 1833 276 1920 niun
299 1860 384 1934 quae
411 1835 553 1909 suntet
558 1835 730 1925 redditae,
759 1860 836 1909 cum
863 1836 1068 1912 veniffemus
1094 1828 1139 1915 in
1167 1832 1173 1840 ’

43 2042 47 2049 .
102 1999 105 2003 -
110 1942 427 2044 P'ompeianum:
450 1949 603 2049 quarum
617 1968 730 2022 tamen
757 1968 828 2021 erat
845 1970 980 2046 caput,
995 1954 1131 2048 Aquil·
1168 1960 1172 1966 '

51 2069 53 2074 ’
87 2105 89 2109 v
164 2057 243 2131 liam
268 2086 429 2131 novercam
449 2051 516 2130 non
535 2055 589 2158 effe
614 2064 768 2130 laturum..
790 2057 845 2130 sed
865 2059 932 2131 hoc
947 2059 1130 2136 tolerabile

84 2223 98 2261 .'
162 2163 325 2252 forta-lin
345 2168 426 2240 illud
442 2169 554 2242 vero?
571 2168 609 2261 sc
628 2171 668 2238 ab
694 2169 821 2260 Caesare
841 2167 981 2266 habuisse
1000 2175 1152 2262 omnia,'

61 2342 63 2347 .
161 2279 251 2348 nil‘a
264 2302 378 2372 parre,
398 2279 643 2373 reliquaſjrerare
656 2280 697 2347 ab
711 2280 872 2348 Antonio.
909 2279 949 2360 Ο
959 2279 1130 2374 perditum

161 2383 360 2491 hominem!
378 2387 432 2460 sed
442 2421 577 2480 pernen.
591 2387 642 2459 nd
653 2389 792 2458 Brutum
806 2385 953 2457 nostrum
967 2442 979 2476 ,
993 2388 1035 2459 ad
1048 2387 1131 2478 Cas·

155 2496 268 2591 bum,
291 2498 332 2569 ad
343 2497 559 2573 Dolabellam
576 2496 729 2592 epistolas
749 2493 871 2591 scripsr.
887 2499 1132 2571 earum,exeru··

51 2612 55 2620 '
163 2605 218 2701 pla
236 2605 298 2698 tibi
312 2606 404 2694 miti,
417 2629 487 2677 non
507 2622 546 2677 ut
567 2605 783 2677 deliberarem
800 2657 811 2690 ‚
828 2603 1061 2694 reddendaene
1084 2603 1132 2681 es·

165 2716 262 2814 sent,
271 2706 387 2812 (plane
408 2713 500 2787 enim
513 2713 626 2811 iudico
641 2713 704 2785 effe
719 2708 900 2786 reddendas
913 2712 944 2812 ,)
963 2715 1018 2799 sed
1037 2718 1132 2813 quod

43 2896 46 2906 ,
164 2831 237 2925 nori
257 2825 405 2916 dubito,
429 2825 511 2925 quin
533 2842 571 2898 tu
587 2822 677 2896 idem
696 2824 935 2898 existimaturus
960 2827 1132 2919 sruCice-

119 2958 129 2986 ι
164 2936 243 3013 roni
262 2930 362 3025 meo,
382 2935 440 3016 mi,
451 2935 587 3024 Attice,
603 2927 835 3031 suppeditabis
852 2957 1014 3034 quantum
1029 2940 1130 3014 ⁸vide·

61 3049 64 3055 ’
163 3044 281 3136 bitur,
297 3073 419 3143 meque
435 3047 502 3119 hoc
519 3045 580 3117 tibi
594 3044 681 3118 onus
694 3043 868 3141 imponere
889 3048 1021 3142 patiere.
1047 3060 1131 3148 quae
1162 3079 1165 3083 ·

68 3211 77 3225 .
167 3155 276 3250 adhuc
296 3155 422 3246 fecisti,
441 3156 527 3246 mibi
549 3154 622 3227 sunt
641 3154 826 3305 gratiffirpa.
856 3157 995 3230 Librum
1017 3185 1129 3234 meum
1167 3211 1172 3218 -

127 3265 263 3339 illum
289 3268 444 3359 aversarer
468 3265 646 3355 nondum,
669 3284 705 3337 ut
725 3267 841 3356 volui,
868 3268 1049 3366 perpolivi.
1075 3269 1130 3343 ista

166 3403 252 3455 vero
265 3432 277 3467 ,
291 3401 374 3473 quae
389 3393 426 3449 tu
439 3377 576 3449 contexi
599 3376 677 3467 vis,
699 3378 805 3451 aliud
803 3378 982 3477 quoddam
1002 3380 1129 3502 separa
1132 3361 1141 3389 ’

123 3509 242 3560 tum
262 3487 425 3559 volumen
447 3485 644 3581 exspeelant.
675 3511 739 3584 ego
764 3508 872 3561 autem
894 3489 1035 3581 (credas
1051 3467 1128 3562 mihi

36 3654 40 3663 .
152 3588 293 3690 velim)
302 3591 435 3665 minore
445 3590 597 3686 periculo
611 3590 766 3665 existimo
779 3611 896 3666 contra
911 3593 981 3666 illas
993 3593 1128 3668 nefarias

166 3725 277 3803 partes
288 3754 303 3798 ‚
315 3701 401 3782 vivo
416 3724 562 3804 tyranno
567 3755 583 3800 ,
592 3702 670 3803 dici
687 3705 854 3804 potuisse,
871 3729 972 3806 quam
985 3727 1127 3781 mortuo.

1091 3869 1127 3908 ‘r-
