2362 4238
164 259 221 338 aa
248 308 258 320 Ι
317 243 451 321 errsr.
476 244 545 318 iu
571 240 787 331 usucuu
812 246 889 321 uu.
915 246 1005 320 xur.

62 403 64 406 ’
169 406 308 503 opipare
324 407 424 498 sane,
445 423 479 482 et
498 428 674 505 apparate:
698 431 761 480 uec
785 408 820 480 id
840 408 968 498 solum,
980 411 1044 502 sed
1063 413 1133 479 bene

167 519 267 607 collo,
283 545 311 590 ee
350 565 352 568 >

259 631 392 700 Condito
396 631 538 722 sermone
552 632 649 718 bono,
661 652 691 700 et
699 683 710 719 ‚
713 630 753 728 st
763 633 885 725 quaeris
898 683 909 719 ‚
924 626 1061 701 libenter.
1112 665 1129 720 y
1171 674 1173 678 >

166 755 335 836 praeterea
358 739 463 812 tribus
483 738 631 811 tricliniis
653 741 780 836 accepti
794 753 820 816 οἱ
847 776 913 834 erp
932 775 1020 817 auru
1033 741 1133 815 valde

79 917 84 927 ,
166 845 312 942 copiose.
331 847 456 920 libertis
469 848 578 921 minus
596 848 711 937 lautis,
724 849 893 945 servisque
911 849 993 921 nihil
1012 850 1132 924 deluit.

166 978 245 1023 nam
261 954 416 1028 lautiores
430 955 596 1053 eleganter
610 956 746 1054 accepti.
761 957 855 1056 ‘quid
868 956 994 1029 mirltal
1017 956 1132 1030 homi·

164 1086 225 1134 nes
237 1062 300 1134 visr
308 1063 427 1136 sumus.
438 1064 557 1160 hospes
569 1086 681 1138 tamen
694 1077 762 1137 non
775 1063 815 1153 is,
827 1064 880 1135 eui
890 1064 1029 1154 diceres,
1041 1067 1134 1136 Ama-¹

162 1169 209 1243 bo
231 1188 283 1262 te,
296 1174 418 1246 eodem
438 1175 552 1246 adme
571 1164 649 1247 'cuin
670 1193 850 1248 revertere.
873 1173 972 1245 semel
986 1172 1061 1246 satis
1074 1173 1135 1246 est.

37 1339 39 1345 ·
114 1336 117 1339 ·
162 1296 386 1361 curleiorsleu
401 1283 436 1356 in
450 1283 622 1356 sermone:
638 1316 785 1380 prmum
796 1283 908 1356 multa.
929 1283 1133 1380 Quidquae·

162 1391 208 1464 ris
221 1393 236 1464 l
250 1396 426 1468 releuatus
441 1393 487 1466 est
496 1435 513 1485 4.
527 1411 560 1466 et
572 1393 712 1466 libenter
729 1393 803 1486 fuit.
818 1393 964 1466 Puteolis
978 1392 1009 1465 se
1021 1395 1131 1469 aiebat

101 1519 104 1524 ’
164 1526 268 1575 uuum
280 1504 369 1574 diem
383 1503 475 1591 fore,
488 1504 627 1573 alterum
642 1504 684 1574 ad
698 1501 799 1574 Baias.
813 1503 923 1574 Habes
936 1500 1133 1598 hospitium,

99 1675 101 1685 s
163 1607 231 1683 five
248 1626 447 1704 euicrulpiev
459 1609 629 1700 odiosam,
645 1609 744 1698 mihi,
759 1610 850 1695 dixi,
863 1636 933 1682 non
946 1610 1132 1684 molestam.

115 1706 118 1712 Δ
160 1725 235 1819 Ego
251 1722 415 1818 paulisper
431 1719 641 1811 hic,deinde
653 1719 689 1790 in
707 1718 943 1792 Tusculanum.
961 1721 1130 1794 Dolabel·¹

162 1830 213 1904 lae
222 1829 334 1902 villam
350 1855 426 1901 cum
440 1826 656 1924 praeteriret,
669 1825 779 1900 omnis
793 1849 997 1905 armatorum
1010 1832 1131 1929 copia,

18 1980 42 2026 χ
165 1938 282 2012 dextra
296 1937 421 2012 sinistra
435 1941 476 2014 ad
489 1948 633 2037 equum,
646 1962 708 2012 nec
725 1961 868 2037 usquam
885 1938 971 2013 alibi.
988 1940 1062 2039 Jroc
1085 1967 1130 2016 ex

56 2091 64 2103 s
162 2047 272 2122 Nicia.
