2348 4238
335 263 560 368 risen
607 252 739 336 xus
845 270 854 287 ·
996 286 1015 360 ³

47 380 132 507 sarri
152 425 302 517 iubebis,
316 436 352 500 ι’(
367 444 479 506 tamen
498 425 652 498 Pisonem
665 423 769 497 ficttbi
784 424 826 498 de
845 412 939 498 auro.
957 429 1022 501 Fa·
1065 472 1070 483 ·

49 542 162 616 berius
180 538 205 609 st
223 527 386 626 venerit,
400 534 530 608 videbis
547 554 584 607 ut
606 554 733 606 tantum
754 534 974 628 attribuatur,
995 535 1022 610 si
1051 560 1055 567 ·
1123 554 1131 569 ’

49 651 162 723 modo
176 645 393 735 attribuetur,
408 650 569 743 quantum
589 643 739 731 debetur.
755 644 898 740 accipies
915 644 957 715 ab
975 647 1023 716 E·
1046 700 1049 705 -

51 785 136 836 tote.
161 756 365 846 Ariarathes,
388 754 606 857 Ariobarzani
627 752 731 845 filius,
754 757 897 829 Romam
918 755 1026 833 venit.

52 870 144 958 vult,
159 869 302 964 opinor,
311 866 454 962 regnum
466 865 604 961 aliquod
616 888 726 936 emere
737 891 757 935 a
769 864 918 941 Caesare.
932 893 1025 958 nam,

23 972 27 981 '
53 1004 124 1077 quo
144 977 251 1069 modp
270 1000 359 1047 nuuc
373 973 443 1071 est,
463 975 583 1070 pedem
600 966 783 1071 ubi'pon'at
797 974 834 1047 in
851 975 930 1062 suo,
951 1002 1024 1050 non

31 1184 34 1189 Ι
55 1092 166 1164 habet
182 1077 326 1161 omnino
340 1112 418 1162 eum
430 1085 550 1159 Sestius
564 1085 675 1159 noster
689 1086 855 1182 parochus
869 1089 1025 1186 publicus

58 1203 260 1300 occupavitz‘
275 1201 368 1299 quod
381 1199 515 1299 quidem
530 1199 626 1271 facile
639 1199 760 1296 patior.
774 1218 1027 1289 verumtamen,

55 1312 268 1411 quodmihi,
290 1310 423 1383 summo
437 1309 604 1399 beneficio
622 1332 720 1394 meo,
734 1333 942 1406 magnacum
958 1309 1028 1382 sra-

57 1424 161 1496 tribus
179 1421 266 1497 illius
285 1416 489 1494 neceffitudo
511 1417 577 1509 est,
595 1408 705 1491 invito
723 1441 800 1489 eum
820 1443 880 1514 per
898 1416 1028 1509 literas,
1065 1430 1072 1441 '

60 1552 96 1606 ut
107 1531 197 1628 apud
209 1556 264 1604 me
278 1529 471 1604 diversetur.
484 1531 529 1601 ad
540 1553 613 1627 eam
627 1552 699 1599 rem
719 1553 799 1621 cum,
807 1529 973 1602 mitterem
987 1534 1027 1613 Α·
1135 1541 1138 1546 “

58 1641 277 1735 lorandrum,
291 1629 392 1711 bas'ei
406 1636 482 1709 dedi
494 1635 615 1709 literas.
630 1635 713 1708 Cras
726 1636 827 1734 igitur
840 1638 948 1710 auslio
966 1641 1028 1710 Pe·

58 1753 168 1824 ducei.
189 1776 267 1824 cunt
286 1748 412 1847 poteris
428 1771 535 1846 erg03
554 1745 610 1818 etsi
631 1746 792 1842 impediet
811 1745 946 1820 fortasse
964 1751 1028 1821 Fa-

57 1858 195 1933 beriae:
211 1859 267 1932 sed
288 1878 423 1945 tamen,
445 1882 524 1959 cum
548 1854 671 1929 licebit.
704 1855 892 1954 Dionyfius
914 1856 1027 1941 nollet

60 1968 207 2064 graviter
228 1966 397 2065 queritur,
414 1982 447 2038 et
459 1982 570 2036 tamen
589 1967 683 2052 iure,
701 1963 901 2062 adiscipulis
919 1967 1028 2041 abesse

58 2093 125 2175 tam
142 2075 344 2173 diu.‘'multis
361 2075 470 2163 verbis
488 2073 615 2170 scripsit
628 2076 670 2145 ad
685 2099 760 2163 me,
775 2076 876 2147 credo
889 2076 970 2149 item
985 2078 1036 2151 ad·

57 2208 100 2259 te.
123 2184 208 2274 mihi
221 2184 356 2282 quidem
371 2185 504 2259 videtur
526 2183 626 2256 etiam
641 2185 762 2258 diutim
777 2184 950 2262 abfuturus
964 2213 973 2260 ι
986 2196 1034 2264 ac'
1060 2206 1063 2215 '

59 2297 197 2372 nollem.
211 2299 309 2374 valde
323 2292 601 2379 enimbo'minem
621 2298 782 2397 desidero.

232 2476 774 2629 cranao-irrrco
822 2514 854 2616 s
999 2624 1005 2637 Ι

66 2760 96 2832 3.
112 2637 201 2813 Α
223 2735 284 2806 ΤΕ
300 2735 419 2834 literas
438 2735 691 2832 exspeslabam;
715 2719 867 2832 nondum
893 2732 1031 2813 scilicet.

63 2874 137 2918 nam
161 2850 219 2919 has
240 2870 336 2917 mane
354 2845 585 2941 rescribebant.
616 2850 689 2945 Ego
708 2873 793 2920 vero
812 2846 871 2920 illa
892 2848 1029 2921 nomina

64 2956 106 3029 lic
119 2956 251 3053 probo,
272 2976 312 3029 ut
331 2957 414 3058 nibil
429 2956 524 3030 aliud
544 2983 599 3031 me
617 2976 781 3046 moveat,
799 2957 859 3028 nisi
879 2959 971 3055 quod
991 2956 1031 3028 tu
1121 3022 1126 3029 .

67 3068 188 3141 videris
207 3066 370 3147 dubitare.
396 3066 475 3139 illud
495 3061 585 3160 enim
608 3092 678 3141 non
692 3067 831 3164 ¹accipio
847 3066 883 3138 in
904 3068 1030 3141 bonam

67 3178 332 3275 partem,.quod
353 3177 396 3249 a'd
418 3202 473 3253 me
494 3178 615 3265 refers3
629 3177 693 3277 ¹qui
714 3177 738 3248 st
763 3176 833 3274 ipse
855 3178 1029 3274 negotium
1094 3171 1099 3181 ’

67 3313 178 3362 meum
191 3305 366 3386 gererem,
387 3288 471 3360 nibil
484 3312 652 3389 gererem,
666 3287 725 3359 nis
737 3286 875 3360 consilio
887 3305 958 3360 tuo.
971 3288 1030 3362 sed
1145 3282 1153 3298 ’

65 3418 171 3470 tamen
196 3397 373 3496 intelligo,
394 3397 498 3497 magis
515 3417 548 3473 te
569 3397 606 3477 id
622 3396 729 3469 facere
752 3395 940 3493 diligentia,
961 3421 1028 3494 qua

64 3506 191 3604 semper
203 3507 319 3596 uteris,
334 3531 434 3605 quam
447 3508 541 3606 quod
551 3505 681 3603 dubites
695 3507 736 3578 de
745 3506 935 3580 nominibus
950 3506 1031 3585 istis.
1053 3506 1055 3512 ’

66 3613 190 3684 etenim
210 3613 367 3698 Coelium
383 3639 452 3688 non
468 3616 613 3712 probas:
628 3613 720 3711 plura
734 3612 882 3700 non'vis.
898 3599 1047 3691 utrum-x

64 3742 128 3857 rpe-
145 3722 262 3797 laudo.
287 3722 338 3797 his
357 3724 458 3857 igitur
477 3719 638 3799 uiuidum
654 3721 712 3800 est.
734 3723 1027 3895 P‘ffiffiq‘m
1125 3724 1130 3734 “
