2348 4238
249 262 252 267 ·
377 238 849 313 rraunxvr,
978 254 1050 339 ιη’,

98 426 130 476 re
139 400 307 477 videbar?
325 417 361 475 tu
373 401 408 474 id
420 426 490 475 non
501 401 607 473 modo
620 397 1048 497 nonprohibebas,verum
1070 400 1089 451 s

95 512 190 585 etiam
207 511 425 609 approbabas.
438 510 611 608 graviora,
623 536 707 607 quae
719 509 848 583 restant.
859 513 958 582 Velim
971 547 1051 606 σχο·

94 652 150 696 mor
163 625 463 716 aliquoddimsad
471 648 538 708 me,
551 619 712 719 oportuiffc
724 646 754 691 re
765 621 838 722 istuc
843 622 956 712 scaren.
979 622 1047 691 Ita·
1082 678 1085 685 .

93 752 149 818 ne,
166 730 215 799 mi
228 728 361 800 Attice?
381 727 569 801 defensione
578 751 652 826 eget
666 754 777 801 meum
790 729 939 818 sadum,
961 750 1049 825 prae·

95 839 207 913 sertim
227 840 315 934 apud
337 857 393 926 re,
421 839 480 936 qui
502 839 537 911 id
552 839 743 912 mirabiliter
759 839 969 936 approbasti?
985 862 1051 937 ego

93 972 179 1021 vero
202 945 301 1019 isium
329 977 534 1041 απολογισμογ
561 959 766 1041 corrasam,
785 945 840 1019 sed
865 949 909 1031 ad
932 972 1051 1020 eorum

95 1056 268 1152 aliquem,
289 1053 409 1150 quibus
431 1051 544 1127 invitis
557 1071 590 1125 et
600 1053 862 1131 dissuadentibus
884 1050 1053 1151 prosedas

93 1165 177 1237 sum.
191 1165 252 1243 etst
263 1164 344 1259 quid
356 1163 421 1235 iam
440 1186 525 1258 opus
537 1161 730 1255 estaxoam?
747 1161 770 1232 sl
784 1163 1050 1259 perseverassem,

91 1301 177 1372 opus
198 1269 324 1365 suisset.
341 1267 397 1348 'At
418 1276 485 1345 hoc
506 1273 613 1370 ipsum
636 1296 705 1343 non
723 1272 919 1346 constanter.
950 1299 1052 1349 nemo

92 1387 210 1459 dusius
222 1410 367 1480 unquam
386 1381 517 1481 (muita
531 1402 638 1454 autem
653 1383 694 1454 de
708 1381 774 1453 hoc
794 1406 915 1483 genere
928 1382 1049 1480 scripta

91 1495 163 1567 sunt
177 1493 428 1593 >mutationem
447 1491 597 1581 consilii,
618 1492 868 1566 inconstantiam
881 1494 964 1567 dixit
975 1495 1051 1569 esse.

94 1609 255 1703 deinceps
270 1607 371 1702 igitur
385 1605 483 1678 haec:
507 1608 594 1674 Nam
601 1604 640 1703 st
655 1635 677 1675 a
694 1608 838 1679 Phaedro
855 1609 975 1709 nostro,
995 1636 1052 1678 ex·

87 1723 197 1811 μελέτα
217 1719 377 1809 excusatio
393 1714 473 1814 effer.
498 1743 584 1787 nunc
600 1719 929 1810 quidreſjrondemus?
960 1723 1052 1816 Ergo

91 1828 125 1899 id
146 1843 220 1899 erat
238 1851 350 1897 meum
376 1825 522 1913 fassum,
552 1825 645 1921 quod
673 1827 797 1897 Caroni
820 1829 960 1922 probare
981 1854 1051 1951 npn
1106 1880 1113 1895 .

90 1935 241 2032 poffem,
256 1934 372 2033 flagitii
392 1933 515 2006 scilicet
527 1935 660 2028 plenum
676 1952 709 2005 et
722 1936 903 2009 dedecoris.
920 1938 1049 2010 utinam

93 2044 245 2141 a-primo
255 2044 300 2115 ita
312 2042 373 2115 tibi
386 2043 468 2114 esset
481 2042 586 2114 visum
598 2039 607 2111 l
621 2063 656 2113 m
666 2043 769 2132 mihi,
784 2042 940 2117 sicuresse
953 2045 1053 2133 soles,

92 2152 201 2225 sitisses
212 2153 311 2223 Caro.
323 2155 518 2223 Extremum
525 2152 604 2225 iliud
611 2154 665 2226 vel
676 2155 952 2228 molestissimum:
964 2162 1053 2229 Nam

94 2266 216 2357 Bnmrs
228 2261 434 2362 afflaſset,
454 2263 521 2336 hoe
536 2262 604 2352 est,
626 2290 695 2336 non
709 2266 809 2339 audet
830 2266 1000 2338 bominem
1017 2268 1053 2341 id

93 2373 203 2453 aetatis
213 2396 363 2443 monere.
384 2372 474 2445 aliud
487 2374 571 2445 nihil
590 2376 721 2462 babeo,
747 2379 840 2473 quod
859 2403 902 2449 ex
920 2378 996 2449 iisa
1016 2394 1053 2452 re

92 2485 202 2559 verbis
216 2481 389 2580 significari
402 2503 534 2581 putem;
549 2502 583 2556 et
595 2486 727 2558 hercule
739 2488 785 2559 ita
804 2485 861 2560 est.
876 2490 961 2559 Nam
978 2508 1050 2579 xvt
1074 2492 1076 2496 ’

90 2597 172 2670 Kal.
196 2600 286 2691 Sept.
308 2618 383 2665 curn
403 2594 563 2666 venissem
584 2595 740 2684 Veliam,
774 2597 895 2666 Brutus
915 2597 1054 2697 audivit.

94 2705 271 2779 eratenim
286 2729 362 2775 cum
374 2701 440 2777 suis
456 2705 596 2777 navibus
611 2709 698 2802 apud
717 2706 867 2779 Haletem
884 2706 1029 2781 fluvium
1039 2728 1061 2796 ,·

94 2815 173 2886 eitra
187 2813 318 2889 veliam
333 2814 434 2884 millia
447 2801 592 2908 passuum
612 2830 668 2887 111.
686 2814 827 2912 pedibus
850 2816 891 2887 ad
915 2821 968 2888 me
985 2815 1049 2887 sta·
1072 2816 1077 2824 ”

94 2924 161 2995 tim.
173 2921 224 2994 dii
241 2922 463 3006 immortales,
481 2948 579 3019 quant
595 2924 692 2996 valde
712 2923 766 2995 ille
780 2922 906 3009 reditu,
920 2924 975 2997 vel
985 2949 1053 3018 po·

94 3031 154 3107 tius
166 3028 360 3102 reversione
371 3053 445 3100 mea
457 3029 608 3119 laetatus,
621 3030 737 3104 effudit
746 3031 803 3103 illa
815 3030 951 3117 omnia,
965 3055 1055 3126 quae

94 3154 238 3211 tacuerat
251 3161 264 3224 3
278 3153 315 3209 ut
327 3136 521 3211 recordarer
538 3137 617 3210 iilud
630 3157 748 3229 tuum,
767 3166 844 3210 nam
860 3141 981 3210 Brutus
995 3168 1052 3211 no·

88 3248 242 3348 stastler.
268 3245 411 3319 maxime
429 3269 540 3334 autem
563 3248 717 3339 dolebat,
743 3275 797 3324 me
810 3251 884 3323 Kal.
904 3254 990 3323 Sext.
1014 3250 1051 3323 in

95 3357 207 3430 senatu
221 3380 292 3428 non
306 3355 412 3427 suiffe.
430 3359 582 3433 Pisonem
596 3358 721 3432 serebat
738 3362 773 3430 in
787 3361 938 3448 coelum3
956 3362 988 3435 se
1001 3387 1055 3434 au·
1087 3402 1090 3406 ·

94 3484 158 3539 tem
179 3462 314 3553 laet-ari,
338 3465 432 3559 quod
449 3464 632 3563 effugissem
649 3467 728 3541 duas
743 3467 901 3540 maximas
920 3470 1054 3567 vitupe-

93 3576 262 3646 rationes:
280 3598 400 3657 unam,
418 3599 515 3670 quam
531 3577 648 3647 itinere
663 3575 815 3647 faciendo
830 3602 883 3648 me
893 3576 1055 3675 intellige·
1094 3632 1097 3639 .

90 3681 167 3761 bam
182 3681 347 3778 suscipere
362 3728 376 3771 ‚
393 3682 630 3780 desperationis
644 3708 686 3757 ac
701 3683 879 3757 relisiionis
892 3683 1053 3780 reipubli-
