2348 4238
842 48 853 95 l

166 230 241 326 ψ
402 227 960 347 ΙεοΝεοι.ιιῑ·.ιο,·
1058 170 1061 175 ’
1145 286 1149 307 ,

167 392 254 462 obrui
257 390 411 483 sentient,
420 394 519 487 eequis
521 395 558 487 se
569 394 776 484 immobilem,
786 416 845 465 aue
860 395 898 464 in
911 397 1017 467 dolore
1030 396 1129 469 inoxoi
1170 456 1172 487 ,

167 503 297 572 rabilem
315 505 491 596 praebeat?
608 534 622 587 ι

490 612 620 686 Desunt
641 604 809 687 normullo'.

171 727 241 797 Nec
269 750 337 795 uero
356 723 484 818 ignoro,
502 729 658 796 nonnulla
681 725 837 796 interdum
856 727 1018 815 accidere,
1031 728 1130 822 quibet
1169 702 1171 735 ¹

95 886 100 897 ,
169 835 218 903 ita
235 837 425 926 perturbetur
446 833 480 908 ὁ·
503 838 696 928 opprimatur
719 836 875 924 artimus,
891 859 930 906 ut
950 863 973 905 a
992 837 1127 906 medicina

168 947 314 1041 refiograe,
330 949 418 1040 idque
424 947 462 1044 fi
471 952 541 1019 ullo
555 949 592 1017 in
604 947 683 1039 caste
693 949 871 1043 contingit,
882 970 980 1035 certe,
992 957 1062 1018 lum
1081 950 1128 1016 do·
1157 882 1165 1023 i

168 1055 231 1121 lore
248 1051 440 1150 affligimur,
451 1058 590 1126 maxime
607 1055 688 1149 fiolet
706 1058 829 1128 evenire.
858 1062 948 1150 quod
967 1084 1010 1127 ex
1029 1085 1063 1128 eo
1071 1058 1132 1149 fit,

167 1166 254 1252 quod
263 1167 350 1255 erepti
366 1169 539 1255 colonici,
551 1172 603 1238 uel
612 1167 722 1262 affinis
735 1218 746 1254 ‚
759 1170 810 1237 rel
819 1166 892 1256 filii
902 1170 1053 1263 cogitatio
1066 1170 1128 1237 adeo

167 1275 260 1346 uobis
273 1297 363 1370 grata
385 1280 442 1379 est,
455 1283 540 1372 quod
554 1281 644 1349 illum
657 1304 757 1371 paene
772 1302 845 1349 ante
858 1283 971 1350 oculos
980 1281 1128 1388 constitut·

169 1407 200 1450 re
209 1385 378 1473 triuerat,
393 1389 558 1474 ut‚etiam
581 1387 611 1475 fi
629 1391 763 1458 dolorem
785 1387 904 1479 refricet
927 1385 962 1461 δ’
982 1393 1131 1483 lacrymor

166 1495 283 1580 eliciat,
297 1518 403 1566 tamen
423 1524 491 1568 earn
509 1502 653 1592 deponere
668 1502 834 1586 nolimus;
851 1500 953 1598 ae,fi
970 1500 1127 1594 adtonso·

104 1680 107 1685 ,
168 1608 300 1676 landum
317 1610 450 1678 remedia
460 1609 653 1705 fieppetant‚
668 1635 772 1682 tamen
794 1613 882 1682 nileil
898 1614 1129 1706 minumum

166 1714 393 1805 eonfirlantium
408 1721 710 1806 uerla‚audiamus.
727 1719 897 1811 falluntur
913 1719 996 1812 sane
1006 1720 1127 1817 graviter

167 1824 224 1917 qui
238 1825 285 1893 ita
298 1849 400 1918 agunt
410 1826 490 1918 :fid
507 1828 590 1898 ltunc
611 1855 756 1914 errorem,
768 1855 828 1923 quo
842 1853 1030 1924 magnopere
1044 1831 1126 1899 delu-

167 1933 365 2026 tantur‚fibi
381 1935 556 2029 extorqueri
574 1939 697 2006 nolunt.
723 1937 830 2030 Quare
843 1936 947 2029 suurn
972 1936 1126 2027 unicuique

158 2041 301 2144 studium
315 2096 326 2131 ‚
342 2047 466 2140 suaque
491 2050 634 2118 omnibus
658 2047 814 2119 deleclatio
841 2051 1050 2142 relinquatur.
1074 2072 1126 2118 nou

167 2154 249 2220 enim
263 2179 380 2242 uereor,
389 2157 463 2247 quin
474 2153 638 2251 ,fiminue
653 2160 688 2226 in
702 2157 768 2249 ipso
780 2158 897 2226 doloris
911 2158 994 2258 aestu
1004 2159 1125 2231 ecmelis

166 2269 315 2335 utendum
333 2267 470 2335 homines
484 2266 647 2357 censeant,
660 2290 835 2352 ceree,cum
850 2270 969 2336 modice
994 2270 1081 2336 door
1091 2293 1124 2334 re·

158 2374 290 2468 sederit,
303 2376 385 2466 aeji
399 2382 531 2466 paulum
553 2375 641 2468 quast
657 2379 799 2445 remittere
814 2378 942 2467 coeperit
952 2427 963 2461 ,
974 2379 1022 2444 ad
1030 2376 1128 2476 exstin-

163 2489 307 2578 guendas
325 2488 438 2555 doloris
461 2486 609 2579 reliquias
637 2488 758 2555 monito
784 2509 1009 2578 praeceptaque
1039 2485 1127 2586 nostro

166 2597 384 2664 adhibeantur.
401 2597 485 2664 niltil
502 2618 603 2665 autem
627 2596 739 2665 utilius
754 2597 808 2697 est,
822 2620 916 2687 quarn
937 2595 1013 2664 haec
1039 2597 1126 2664 eaden

168 2703 206 2771 in
227 2710 383 2795 voluptate
404 2734 441 2775 ae
464 2710 583 2776 laetitia
596 2707 799 2798 pertrac‘lare‚
812 2730 905 2798 atque
923 2711 962 2775 irt
990 2708 1126 2777 manibus

167 2815 281 2886 habere.
295 2815 343 2909 stc
359 2819 442 2887 enim
457 2813 490 2888 Ee
503 2821 563 2912 legi
575 2870 585 2902 ,
601 2841 691 2910 atque
705 2821 750 2888 od
774 2821 897 2890 uerbum
926 2818 1022 2908 edisci
1042 2814 1128 2910 ἅμ·
1160 2804 1164 2961 Ι

167 2929 258 2997 nitus
270 2932 431 3000 memoriae
445 2934 592 3000 mandari
605 2931 744 3024 poffunt,
754 2952 800 3018 tet,
811 2957 880 3000 cum
891 2931 926 2997 in
938 2932 1082 2999 animum
1085 2953 1128 3020 pt·

166 3041 256 3108 nitus
276 3040 478 3134 influxerint,
502 3064 567 3111 tum
588 3044 746 3111 exhauriri
766 3068 804 3110 ac
823 3040 956 3131 prorsus
974 3041 1057 3108 elabi
1077 3062 1127 3108 not

159 3147 389 3239 facilequeant.
403 3151 520 3239 itafit,
532 3176 585 3234 ut,
596 3179 665 3220 curn
679 3174 796 3243 repente
813 3155 903 3220 dolor
918 3152 1058 3249 inuafit,
1071 3173 1126 3220 tum

166 3260 206 3327 iis
228 3281 380 3330 utamur:
404 3290 500 3355 quae,
519 3263 582 3358 nist
603 3288 675 3333 ante
691 3288 832 3358 percepta
853 3261 885 3334 ἃ
904 3264 1128 3361 cognitafint,

166 3369 281 3460 impetu
302 3373 371 3463 ipso.
390 3376 505 3443 doloris
520 3377 708 3458 incurrente,
726 3381 823 3468 plane
840 3380 951 3467 depelli
970 3400 1061 3468 atque
1080 3400 1125 3442 ex·

166 3483 526 3580 eludifhlent.fertfirrtus
541 3485 596 3553 lroc
611 3489 645 3552 in
660 3488 750 3554 nobis
764 3484 862 3581 ipsts:
878 3511 933 3553 nee
944 3511 1061 3577 parum
1078 3508 1124 3549 no

165 3588 213 3656 lis
228 3592 345 3681 obfuit,
363 3596 444 3662 lianc
464 3594 638 3684 universam
659 3594 801 3686 adversus
822 3598 960 3663 dolorem
980 3620 1124 3664 commen·

125 3723 129 3735 ·
166 3702 312 3771 tationem
340 3730 407 3773 aon
434 3709 532 3773 ntulto
548 3727 621 3774 ante
644 3708 752 3774 animo
774 3731 810 3774 ac
832 3727 930 3774 mente
949 3698 1123 3799 percurrisse»
