2348 4238
414 248 857 349 nr-nnn.xv.g
1011 243 1101 348 89·

86 409 195 484 [ditus
218 410 359 484 adeum
382 409 551 507 difficilior
571 406 912 507 essedicitur3scrips1
932 410 1059 491 adlu-

85 522 257 617 rapelum
270 575 280 610 ,
295 539 332 596 ut
354 520 382 594 is
403 522 434 592 ei
462 548 552 595 meas
579 524 687 595 literas
713 523 882 612 redderet,
895 521 1059 618 legatione

85 631 173 704 mihi
202 656 294 731 opus
315 629 388 705 elle.
414 630 586 706 honestior
605 631 652 705 est
672 631 789 707 votiva
804 657 814 705 t
831 629 887 704 sed
913 630 991 705 licet
1011 631 1061 704 oti

85 735 246 839 utraque.
271 741 328 814 De
340 762 389 831 te,
403 739 548 838 quaeso,
568 743 667 814 etiam
678 757 776 839 atque
789 740 887 813 etiam
901 739 990 812 vide.
1003 764 1061 813 ve·

85 854 146 926 lim
168 852 277 950 pollis
294 876 408 927 coram
423 878 432 924 ε
447 851 481 936 (ι,
492 852 603 926 minus
622 852 742 950 pollis,
754 850 855 925 literis
873 851 962 923 idem
976 874 1060 922 con·

88 961 283 1058 sequemur.
314 963 494 1034 Graeceius
511 963 552 1033 ad
565 987 618 1035 me
632 959 773 1057 scripit,
786 959 825 1031 C.
841 958 984 1031 Callrutn
1000 959 1060 1032 fibi

90 1069 274 1167 scripsrlle,
288 1071 442 1145 bomines'
460 1071 648 1167 comparari
660 1069 746 1168 ,qui
761 1070 876 1142 armati
889 1070 923 1140 in
936 1071 1061 1142 Tuscu·

91 1182 212 1252 lanum
235 1182 454 1254 mitterentur.
472 1181 506 1252 id
524 1181 659 1279 quidem
677 1179 758 1251 mihi
778 1205 845 1251 non
859 1179 1060 1264 videbatur3

92 1290 153 1363 sed
180 1290 369 1363 cavendum
393 1308 534 1379 tamen,
561 1291 729 1388 villaeque
750 1291 861 1386 plures
886 1291 1061 1363 videndae.

93 1397 152 1471 sed
174 1398 302 1497 aliquid
317 1399 474 1474 crastinus
493 1401 562 1474 dies
584 1400 630 1473 ad
650 1400 864 1500 cogitandum
895 1400 991 1473 nobis
1019 1400 1061 1473 de

94 1535 135 1584 ea
150 1537 200 1584 re.

298 1594 537 1706 cronno
572 1634 814 1708 arrico
845 1622 883 1708 'a

95 1868 130 1939 9·
153 1743 381 1945 TERTlo
393 1843 509 1916 Nonas
521 1842 651 1939 vesperi
666 1868 683 1914 a
696 1844 801 1916 Balbo
822 1844 969 1919 redditae
981 1840 1063 1917 mihi

92 1951 213 2025 literae
226 2004 239 2038 ,
251 1949 326 2025 sore
338 1953 455 2026 Nonis
477 1953 620 2025 senatum
632 2007 643 2040 ,
657 1975 693 2026 ut
702 1955 821 2027 Brutus
834 1956 868 2026 in
879 1955 969 2039 nna,
983 1952 1064 2027 Cas·
1143 1978 1157 2007 ⁸

96 2057 162 2130 fius
185 2059 221 2130 in
247 2058 359 2149 Sicilia
384 2060 585 2133 flumentum
612 2063 808 2152 emendum,
825 2081 858 2137 et
878 2062 918 2134 ad
945 2063 1062 2135 urbem

96 2169 298 2241 mittendum
318 2190 481 2244 curarent.
499 2173 533 2243 O
557 2195 627 2243 tem
656 2172 807 2243 miseram
821 2169 830 2243 l
844 2170 988 2268 primum
1013 2169 1064 2267 ulf

97 2279 161 2351 lam
177 2279 221 2349 ab
234 2277 320 2368 istis,
333 2280 468 2370 dein,li
486 2280 649 2378 aliquam,
666 2281 750 2354 hanc
768 2282 959 2379 legatoriam
978 2304 1062 2377 pro·

99 2382 244 2460 vinciam
258 2388 271 2459 i
287 2406 384 2484 atque
411 2388 498 2461 haud
521 2388 611 2479 scio,
624 2415 666 2460 an
688 2390 806 2461 melius
823 2390 994 2485 fit,-quam
1019 2388 1062 2468 ad

99 2498 260 2568 Eurotam
275 2496 396 2570 sedere.
409 2498 465 2571 sed
474 2498 554 2570 haec
563 2496 653 2570 casus
666 2497 872 2596 gubernabit.
882 2499 927 2568 ait
939 2514 1062 2589 autern,

99 2608 221 2678 eodem
242 2629 395 2703 tempore
409 2610 576 2680 decretum
589 2608 650 2696 iri,
669 2627 705 2680 ut
718 2608 759 2680 iis
770 2623 804 2679 et
816 2606 949 2704 reliquis
962 2630 1060 2702 prae·

100 2718 195 2790 totiis
223 2717 417 2813 provinciae
448 2719 674 2795 decernantur.
703 2719 770 2790 hoc
800 2737 889 2789 certe
919 2714 1061 2805 melius,

102 2854 197 2924 quam
212 2830 267 2900 illa
282 2829 406 2902 Perfice
418 2828 577 2925 porticus.
589 2830 671 2902 nolo
680 2830 768 2901 enim
779 2829 1061 2900 Lacedaemonem
1136 2882 1145 2895 .

102 2939 338 3038 longinquam
353 2939 537 3013 Lanuvium
557 2937 755 3014 existimavi.
774 2937 894 3023 Rides,
907 2932 1034 3030 inquies
1049 2984 1061 3022 ,

104 3052 132 3125 in
147 3054 264 3127 talibus
280 3053 376 3126 rebus
391 3059 403 3124 ?
418 3052 498 3150 quid
515 3050 658 3126 faciam?
674 3049 838 3148 plorando
861 3042 959 3117 sellus
978 3045 1062 3122 sum.

106 3166 162 3236 Dii
182 3167 388 3238 immortales
404 3164 412 3237 l
428 3190 527 3263 quarn
544 3189 598 3235 me
612 3163 845 3237 conturbatum
864 3159 968 3235 tenuit
985 3160 1060 3258 epi·

107 3271 201 3345 stolae
220 3293 296 3345 tuae
323 3273 416 3368 prior
434 3271 574 3369 pagina?
589 3270 668 3369 quid
686 3291 796 3342 autem
813 3267 871 3342 iste
893 3271 928 3341 in
955 3269 1061 3341 domo

108 3397 156 3453 tua
170 3383 259 3455 casus
272 3380 469 3474 armorum?
487 3380 544 3453 sed
565 3379 653 3454 hunc
666 3380 802 3478 quidem
821 3376 971 3449 nimbum
991 3375 1061 3449 cito

110 3491 258 3565 transrille
285 3492 397 3562 laetor.
416 3509 452 3563 tu
473 3492 553 3590 quid
568 3493 674 3590 egeris
699 3510 758 3583 tua
764 3514 853 3563 ’cum
871 3487 974 3577 tristi,
988 3506 1060 3572 tum

113 3600 200 3675 etiarn
222 3604 349 3676 difficili
366 3605 407 3675 ad
425 3605 662 3678 consiliandum
680 3603 863 3701 legatione,
878 3600 1061 3676 vehemenss

113 3726 155 3784 let
170 3714 333 3813 exspecto.
351 3712 399 3788 est
414 3715 503 3788 enim
521 3713 767 3812 inexplicabilis.
779 3712 825 3785 ita
841 3712 1067 3788 circumsedet-³
