2348 4238
359 264 608 349 'LIBER
656 271 777 346 xvi.
987 277 1055 366 ιη’

82 438 205 517 uenio.
220 416 323 537 ligo,
338 436 362 509 sr
375 462 429 510 me
445 461 516 511 non
529 406 770 532 improbissime
784 431 961 509 Dolabella
973 447 1065 514 tran-Q

91 551 206 640 taffet,
227 547 420 623 dubitassent
443 545 600 634 sortasse,
620 568 732 618 utrum
752 543 916 618 remislior
935 545 1057 636 essem,

90 683 133 731 an
147 659 281 732 summo
298 644 370 731 iure
390 655 640 730 contenderent.
656 678 743 727 nunc
765 679 850 727 vero
866 653 964 727 etiam
980 680 1057 753 gau·

90 767 158 839 deo
177 767 263 839 milti
280 765 409 840 causam
427 765 595 853 oblatam,
616 764 651 835 in
667 788 737 861 qua
756 787 790 840 et
806 763 1010 860 ipse'sentiat
1023 787 1058 845 et

89 873 213 973 reliqui
236 898 373 964 ornnes,
391 896 447 947 nte
464 872 506 943 rb
524 870 585 943 illo
600 869 841 958 abalienatum
858 872 958 970 idque
979 899 1060 970 prae

91 1009 147 1056 me
162 983 293 1072 seram,
310 999 343 1055 et
357 982 493 1080 quidem
508 1005 563 1054 me
575 1005 649 1052 nea
662 979 791 1067 secere,
803 997 837 1053 et
857 981 1059 1093 reipublicae
1103 1029 1106 1033 -

91 1097 209 1188 eausa,
228 1116 266 1171 ut
285 1096 378 1169 illum
399 1094 551 1183 oderim,
574 1092 698 1193 quod,
711 1118 788 1168 cunr
810 1117 900 1182 earn,
914 1121 968 1169 tue
984 1122 1059 1170 auc·

92 1226 186 1296 rore,
199 1205 379 1279 defendere
393 1201 571 1302 coepisset,
584 1225 654 1274 non
667 1178 773 1275 niodo
787 1200 978 1293 deseruerit,
991 1229 1059 1281 ent·

93 1332 144 1388 tus
161 1313 324 1412 pecunia,
338 1312 394 1387 sed
408 1311 509 1385 etiarn
517 1333 703 1408 ,quanmtn
724 1310 848 1407 inipso
867 1311 948 1402 fuit,
962 1336 1059 1389 ever·

93 1427 180 1500 terit
208 1426 316 1533 Quod
333 1443 444 1500 autem
463 1419 616 1522 quaeris,
638 1422 818 1520 quomodo
839 1422 892 1519 agi
912 1423 1059 1519 placeat,
1131 1415 1134 1420 ’

89 1561 171 1610 curn
194 1536 267 1609 dies
285 1535 441 1621 venerit;
456 1536 611 1632 primunr
632 1535 735 1621 velint
754 1532 922 1608 eiusmodi
942 1534 1000 1626 fit,
1021 1553 1059 1610 ut

89 1671 165 1721 non
187 1647 332 1719 alienum
349 1646 403 1734 st
417 1672 473 1720 tne
491 1649 619 1720 Romae
631 1645 723 1720 else
735 1647 778 1719 de
791 1670 883 1745 quo,
895 1661 932 1718 ut
945 1645 986 1718 de
1001 1669 1061 1719 ce·

89 1756 193 1844 teris,
211 1752 353 1842 faciam,
370 1774 407 1829 ut
420 1775 457 1830 tu
478 1754 653 1828 censueris.
676 1753 731 1826 de
736 1753 862 1827 summa
882 1770 990 1827 autent
1004 1754 1059 1853 agi

88 1867 231 1967 prorsus
248 1869 466 1942 vehementer
486 1890 521 1940 et
544 1868 657 1940 severe
675 1868 770 1941 volo.
801 1864 860 1937 eui
882 1864 1060 1965 sponsores

86 1977 557 2078 appellare,v1deturhabere
570 1976 738 2077 quandam
757 1957 934 2055 susanam
947 1999 1059 2051 remen

86 2091 183 2179 hoc,
206 2089 306 2186 quale
328 2086 390 2178 fit,
410 2087 597 2163 consideres
616 2088 731 2173 velim.
752 2077 924 2184 possumus
944 2085 1060 2177 enirn,
1087 2181 1090 2187 Ι

86 2219 128 2275 ert
148 2199 327 2296 sponsores
347 2200 576 2305 appellentur,
602 2216 839 2296 precatores
861 2195 1058 2270 introduce·

84 2334 137 2386 re.
160 2333 271 2408 neque
284 2311 387 2383 enim
391 2302 439 2382 illi
453 2311 544 2383 litem
556 2304 851 2383 contestabuntur
867 2332 937 2404 quo
948 2307 1060 2397 sado
1082 2312 1084 2316 ‘

84 2445 165 2493 non
184 2420 258 2493 sum
274 2418 401 2492 nescius
409 2419 609 2542 ,sponsores
625 2419 767 2491 liberari.
784 2419 841 2490 sed
854 2434 888 2488 et
900 2417 947 2491 illi
961 2432 1059 2516 tu'rpe

87 2528 268 2621 arbitror,
289 2552 334 2602 eo
352 2526 509 2612 nomine,
529 2527 624 2626 quod
641 2526 795 2599 satisdaro
812 2500 952 2615 debeat,
974 2550 1059 2622 pro·

83 2658 264 2717 curatores
283 2641 354 2712 eius
373 2665 444 2712 non
451 2639 661 2725 dissolvere3
658 2654 709 2710 et
721 2635 867 2710 nostrae
863 2635 1059 2737 gravitatis,

85 2755 143 2829 ius
167 2750 318 2825 nostrum
341 2752 410 2825 sine
428 2739 558 2826 summa
579 2750 699 2825 illius
689 2746 876 2849 ignominia
896 2743 1083 2847 persequi(

88 2866 134 2938 de
158 2865 229 2937 hoc
247 2862 328 2962 quid
350 2863 499 2957 placeat,
520 2861 677 2936 rescribas
700 2861 901 2935 velimtnec
915 2860 1060 2954 dubito,

85 2970 176 3072 quin
195 2969 264 3044 hoc
281 2990 389 3044 torum
404 2970 508 3043 lenius
524 2968 802 3042 administraturus
814 2970 867 3042 fis.
888 2971 1005 3044 Redeo
1017 2971 1061 3044 ad

89 3078 347 3181 rempublicam.
364 3079 470 3152 Multa
488 3077 676 3153 mehercule
689 3102 708 3150 a
721 3095 755 3152 te
770 3078 865 3175 saepe
878 3110 1061 3162 temnaicum

88 3209 222 3287 genere
240 3185 439 3282 prudenter,
460 3185 516 3259 sed
537 3184 587 3260 his
608 3184 710 3260 literis
734 3185 817 3258 nihil
841 3185 1062 3283 prudentius:
1167 3200 1170 3204 ‘

94 3300 307 3392 Quamquam
328 3295 413 3364 enim
429 3265 587 3398 ptrslra,
574 3321 611 3368 m
627 3295 803 3424 praesentia
826 3300 898 3368 belle
921 3296 971 3395 ι’βι
982 3320 1065 3388 pun
1162 3366 1164 3371 ,

92 3410 237 3481 retundit
251 3410 452 3504 Antonium,
465 3430 582 3480 tamen
587 3409 710 3480 exieram
728 3409 894 3508 exspatiata
911 3403 1063 3477 debemur

93 3534 129 3590 at
133 3538 251 3614 ,quae
268 3513 420 3596 concio?
439 3538 524 3593 naun
532 3513 584 3588 est
599 3513 691 3587 ntissa
708 3513 832 3590 rniltist
822 3534 928 3599 iurat,
946 3513 1062 3611 irafibi

89 3627 238 3721 parentis
251 3624 381 3698 honores
398 3625 543 3720 consequi
553 3621 678 3698 diceas:
691 3646 727 3700 et
738 3625 833 3700 fimul
845 3624 1016 3700 dextram
1006 3649 1060 3696 ιιι-
1133 3628 1138 3637 ’

94 3732 205 3808 tendit
217 3731 261 3827 ad
274 3729 420 3809 stanam.
442 3745 523 3828 uest
538 3752 660 3814 σιιδιιιιι
676 3768 773 3832 urreyr
797 3769 907 3814 roure.
929 3718 1012 3823 sed,
1023 3749 1066 3808 ut

771 3833 894 3929 13.
