2348 4238
390 255 752 389 ursanus·
902 288 905 293 ·
994 284 1130 367 229·

82 368 234 518 scribis,
258 443 293 502 et
320 426 471 520 Romae,
493 429 581 502 etin
606 376 748 526 praediis
770 426 972 528 infrequens
998 430 1069 502 Sed

100 560 204 627 cave,
222 538 365 658 amabo,
387 538 588 660 quidquam,
604 538 699 640 quod
716 538 758 609 ad
776 561 888 608 meum
907 562 1063 610 commo·

97 636 189 715 dum'
205 644 365 734 attineat
356 643 436 716 nisi
455 646 605 716 maximo
628 662 695 715 tuo
705 634 912 768 commodo,
936 664 970 716 ct
987 668 1063 716 ma·
1100 698 1103 706 .

82 752 189 855 Ι,κὶιιιιι
211 770 267 825 tua
287 751 464 844 facultate,
480 775 529 826 mr
518 753 659 859 stater,
680 753 846 850 cogitaris.
871 756 927 828 De
942 754 1063 852 episto·

82 860 89 873 '
103 854 269 942 lavatinii
277 915 290 948 ,
299 845 361 933 rifi.
375 861 430 935 sed
443 888 498 934 me
507 859 564 933 ab
564 880 663 935 corta
671 861 839 935 observarl
848 863 929 954 scio,
943 882 981 937 ut
992 865 1064 940 eius

101 963 156 1042 isla
169 971 250 1044 odia
261 997 333 1044 non
350 972 501 1045 sorbeam
515 971 645 1062 solum,
656 970 711 1044 sed
724 971 823 1044 etiam
838 997 1062 1073 concoquam.

101 1080 205 1172 Quod
228 1108 284 1156 me
302 1083 464 1175 hortaris,
482 1105 521 1157 ut
537 1081 728 1171 absolvam3
748 1083 856 1156 habeo
873 1085 1067 1159 absolutum

102 1190 214 1280 mave,
227 1191 309 1264 mihi
331 1192 466 1290 quidem
479 1193 529 1266 uti
547 1194 700 1284 videtur,
713 1228 782 1293 enar
805 1192 846 1265 ad
866 1186 1062 1269 Caesarem:

102 1302 153 1375 sed
167 1302 508 1400 quaerolocupletem
528 1303 755 1393 tabellarium,
772 1325 814 1374 ne
825 1302 953 1375 accidat
967 1302 1063 1399 quod

101 1413 263 1510 Erigonae
286 1429 388 1499 tuae3
407 1413 463 1501 cui
486 1413 566 1505 soli,
588 1411 726 1488 Caesare
748 1412 972 1509 imperatore,
995 1412 1074 1485 iter

102 1547 142 1594 ex
159 1524 267 1595 Gallia
288 1541 398 1596 tutum
419 1546 489 1594 non
509 1523 581 1596 suit.
601 1526 621 1562 *
634 1525 654 1562 ⁴*
670 1523 764 1616 Quid
773 1531 791 1595 ?·
809 1521 832 1594 fi
852 1540 1065 1596 caementum

100 1624 227 1706 bonum
254 1658 323 1706 non
347 1633 507 1719 habeam,
530 1633 701 1707 deturbem
724 1633 935 1709 aedificium?
965 1633 1061 1733 quod

100 1743 236 1842 quidem
264 1740 414 1840 quotidie
436 1741 520 1815 mihi
540 1743 644 1842 magis
663 1743 770 1842 placet
793 1747 855 1818 :in
877 1746 1060 1844 primisque
1090 1728 1104 1749 ’

99 1853 239 1926 inferior
258 1853 425 1951 porticus,
443 1872 477 1927 et
495 1856 564 1928 eius
582 1856 757 1930 conclavia
778 1856 861 1930 fiunt
881 1860 980 1934 recte.
1001 1861 1068 1934 De·

100 1968 232 2038 Arcano
243 1959 416 2052 ,Caesaris
429 1988 514 2062 opus
525 1965 591 2052 esl,
608 1964 664 2037 vel
681 1966 868 2038 mehercule
886 1965 985 2039 etiam
999 1967 1059 2041 elc'·
1138 1954 1148 2007 ³

98 2075 257 2175 gautioris
272 2074 419 2147 alicuius.
439 2075 598 2173 imagines
615 2075 704 2147 enim
723 2075 820 2165 istae,
832 2094 866 2148 et
881 2075 1035 2172 palaestra
1045 2122 1072 2170 ,s-

98 2201 131 2254 et
143 2182 281 2281 piscina,
295 2199 328 2256 et
339 2183 440 2274 nilus,
454 2183 636 2256 multorum
649 2182 905 2256 Philotimorum
916 2182 974 2275 esi,
988 2209 1065 2257 non

100 2290 328 2390 Diphilorum.
348 2288 453 2364 sedet
474 2290 533 2388 ipsi
554 2316 592 2363 ea
614 2291 792 2382 adibimus,
811 2309 844 2365 et
867 2293 1057 2383 mittemus,

98 2420 130 2475 et
150 2400 387 2476 mandabimus.
425 2402 482 2474 De
508 2403 624 2475 Felicis
645 2402 840 2476 testamento
861 2420 933 2474 tum
953 2403 1069 2500 magis

98 2510 257 2612 querare,
278 2513 302 2584 st
324 2515 416 2620 scias.
442 2517 536 2608 Quas
556 2514 645 2585 enim
668 2514 790 2588 tabulas
811 2512 983 2610 se'putavit
996 2515 1056 2587 ob·-
1086 2549 1089 2554 ·

100 2624 237 2722 figam,
255 2625 291 2698 in
312 2625 433 2723 quibus
459 2625 494 2694 in
517 2623 622 2696 unciis
647 2621 864 2695 firmissimum
887 2639 1055 2713 tenuerat,

101 2735 230 2837 (lapsus
245 2735 292 2808 est
307 2761 371 2834 per·
383 2759 529 2808 errorem
547 2752 581 2808 et
601 2735 713 2825 suum,
725 2732 761 2805 et
777 2733 911 2806 Sicurae
927 2732 1026 2824 servi,
1036 2733 1065 2833 )

100 2873 165 2923 non
192 2845 377 2946 obfigna'vit
397 2873 507 2944 :quas
528 2849 659 2935 noluit,
682 2871 737 2919 eas
758 2845 953 2942 obsignavit
984 2856 1066 2919 ann*

103 2975 253 3054 arnugum
273 2983 334 3031 nos
350 2960 454 3031 modo
470 2960 647 3033 valeamus.
674 2957 891 3043 Ciceronem,
905 2973 985 3027 etut
998 2981 1055 3027 ro
1114 2991 1116 2996 v

103 3089 169 3162 gas,
191 3090 287 3156 amo,
308 3085 341 3140 et
354 3085 390 3140 ut
412 3082 577 3156 meretur,
591 3085 629 3139 et
641 3085 680 3139 ut
696 3065 813 3138 debeor
835 3064 986 3158 Dimitto
999 3091 1055 3141 au·

103 3187 166 3246 tem
184 3200 210 3246 a
223 3201 297 3262 me,
316 3192 351 3248 et
364 3194 433 3248 uta
456 3174 627 3273 magistris
638 3165 885 3260 rae-abducam,
903 3177 1064 3275 'et-‘quod‘
1120 3211 1122 3216 ·

103 3302 200 3353 nater
220 3281 406 3378 Pomponia
428 3283 584 3369 discedit,
609 3283 675 3357 stne
697 3309 761 3381 qua
782 3279 971 3358 edacitatem
996 3311 1053 3383 pu·

102 3393 363 3488 stipertimesco.
384 3396 438 3467 sed
454 3395 562 3470 sumus
579 3408 773 3469 una.tamen
786 3397 884 3469 valde
900 3397 1064 3472 multum..

100 3496 257 3605 Rescripsr
274 3504 470 3594 adomnia,
493 3507 538 3578 mi
558 3505 740 3581 suavissime
753 3523 786 3579 et
803 3506 929 3603 optime
944 3503 1062 3582 frater.

396 3750 760 3777 m

770 3822 977 3944 ,ις-
