2348 4238
96 239 166 338 ηε
345 238 798 312 ,ειιετοιιιε

89 406 242 500 feliciter,
252 433 274 477 a
288 406 469 500 reipublicae
484 405 699 479 dominatione
707 405 894 498 summoto,
908 404 1047 505 concupio

95 541 147 590 rat
159 516 263 616 magis
275 522 399 616 regium,
408 544 504 612 quam
514 518 609 588 libera
620 519 736 590 civitas
743 518 819 608 pati
829 538 962 610 poterat,
971 517 1046 610 prin·
1079 527 1082 587 j

94 630 242 721 eipaturrt.
248 632 410 722 publicam
426 631 623 722 dilapidabat
631 632 800 722 pecuniam
811 679 823 715 ,
834 626 987 698 aerarium
1000 653 1061 696 exn
1081 659 1093 675 ν

96 742 281 828 hauriebat,
293 743 452 812 minuebat
472 739 655 836 rtilt'galia,
670 739 813 810 donabat
830 739 973 809 ciuitates
989 789 1001 823 ‚
1016 761 1048 804 ex

97 856 315 949 commentario
330 851 516 923 dic'laturaru
525 857 643 949 gerebat
651 881 667 939 ;
681 857 758 952 leges
770 854 952 943 imponebat
959 879 974 935 ;
986 874 1048 943 pro-
1078 854 1093 896 ι’·

97 961 220 1032 bibebat
245 958 420 1030 dit'latorem
432 950 532 1031 'creari
552 961 713 1052 plebiscito
727 987 750 1046 ς
768 961 833 1053 ipse
850 961 1000 1055 regnabat
1017 959 1048 1025 it
1085 1010 1093 1023 .

95 1070 261 1161 consulatu
274 1072 478 1162 :prouincias
493 1098 579 1142 unus
590 1097 696 1141 ornnes
709 1073 921 1164 concupiebat.
937 1068 1047 1160 euisot·
1081 1074 1085 1115 ·”

94 1181 187 1250 debat
208 1182 398 1251 Macedonia
412 1184 600 1276 prouincia,
612 1209 707 1276 quam
729 1179 897 1278 uic'lorfibt'
907 1180 1048 1274 sumserat
1081 1182 1093 1269 1'

98 1292 239 1385 Caesar,
257 1295 336 1388 quid
345 1296 382 1363 de
399 1295 468 1363 boet
466 1293 590 1386 sperare
604 1302 660 1364 au‘t
677 1292 855 1386 etspellart
867 1318 930 1363 nos
945 1313 1049 1383 oporte·

96 1403 181 1472 bat?
190 1404 349 1505 Exflitistt'
360 1426 396 1472 tu
408 1405 528 1483 vindex
540 1403 659 1504 nosbae
671 1395 839 1486 ίὶὺιιιιιιίι,Ι
851 1423 891 1470 tet
904 1402 978 1470 tunt
991 1399 1050 1490 qui·
1082 1430 1093 1447 ⁸-

97 1516 186 1597 dtm‚
198 1517 351 1606 optimus,
371 1511 389 1609 (
403 1517 489 1607 quod
499 1517 622 1584 utinam
636 1540 729 1609 neque
745 1512 848 1613 nostra
860 1537 922 1582 nos
936 1512 1050 1602 opinio,

44 1684 51 1699 ,
99 1647 195 1716 neque
206 1624 351 1712 tuafides
363 1623 548 1719 fifilliffetl
567 1620 630 1720 )et
645 1628 795 1695 ueteranis
810 1625 846 1690 in
868 1647 969 1693 unum
989 1647 1051 1689 tort·
1090 1658 1093 1693 ;

98 1731 200 1803 duilio
212 1729 269 1820 ,b
286 1737 409 1807 duabus
428 1739 599 1830 legionibus
612 1763 633 1805 a
642 1738 776 1829 pernicie
783 1738 913 1829 patriae
929 1732 1052 1823 adsalt-
1084 1756 1086 1773 ¹

75 1846 79 1855 ’
100 1864 162 1912 tene
182 1847 339 1932 avocatis,
347 1846 457 1937 subito
474 1847 650 1939 properam
665 1841 809 1942 affee‘larn
824 1869 864 1911 ae
884 1843 1052 1944 proslratarr
1089 1850 1091 1859 '

100 1956 319 2046 rempublicam
334 1956 399 2025 tuis
412 1958 522 2048 opibus
539 1957 689 2056 extub'jli.
707 1957 799 2048 Quae
819 1956 878 2023 tibi
896 1981 962 2023 non
975 1974 1053 2022 antee
1086 1962 1088 1969 '

17 2120 26 2130 .
99 2092 193 2159 quarn
214 2062 402 2167 postulares,
430 2069 573 2155 maiora,
592 2095 684 2161 quarn
708 2071 800 2139 uelles
812 2094 829 2151 ,·
841 2070 960 2156 plura,
974 2088 1053 2158 quam
1091 2099 1093 2113 =

91 2173 250 2268 sperares,
264 2182 374 2249 detulit
387 2181 520 2271 senatus
530 2184 550 2250 ἓ
570 2184 673 2250 Dedit
679 2179 807 2271 fasces,
823 2204 860 2251 ut
883 2208 953 2250 eum
966 2178 1053 2247 auclo-
1090 2200 1093 2224 ’

101 2287 189 2352 ritate
202 2284 384 2377 definsareru
399 2289 526 2374 baberet,
536 2315 600 2357 nort
615 2312 650 2358 ut
663 2289 833 2380 imperiose
847 2289 1006 2380 aduersttrn
1019 2311 1053 2353 or·
1087 2315 1093 2342 ι

96 2419 202 2467 maret.
222 2399 407 2490 Appellauit
431 2400 666 2489 imperatorem,
686 2398 814 2495 bostium
838 2402 976 2468 exercitu
991 2401 1053 2490 pul·
1084 2419 1090 2438 '¹

93 2506 304 2595 fi>‚tribuens
317 2508 471 2591 bonorem,
486 2533 552 2575 reon
568 2530 603 2576 ut
601 2508 667 2598 sua
679 2511 765 2577 caede
773 2508 880 2599 caesus
890 2511 940 2576 ille
940 2508 1053 2601 fugzou
1084 2530 1093 2571 t

99 2619 249 2687 exereitus
258 2641 286 2687 te
299 2621 474 2688 nominaret
480 2606 702 2709 imperatorem.
718 2621 868 2720 Detreuit
882 2624 917 2687 ιἰι
918 2618 993 2708 foro
995 2619 1052 2718 so·
1089 2660 1093 2704 ι

99 2751 200 2811 ruam,
214 2731 314 2795 locum
327 2728 485 2818 instratu
495 2775 505 2812 ‚
512 2726 674 2816 summurn
687 2727 831 2794 bonorem
846 2749 921 2794 ante
939 2749 1053 2817 tempus.

97 2839 128 2909 'S
129 2841 140 2909 i
152 2841 230 2932 quid
241 2841 331 2920 aliud
340 2840 396 2938 est,
409 2841 494 2931 quod
504 2839 573 2907 dari
580 2838 686 2934 poffit,
700 2841 808 2908 addat.
825 2838 921 2930 Quid
931 2835 1053 2936 aliudesl

98 2954 224 3037 mairts,
238 2953 322 3043 quod
329 2953 405 3022 uelis
413 2950 558 3042 sumere?
571 2952 632 3017 Sin
648 2948 850 3039 autemfitpra
860 2971 991 3018 aetatem
1000 2948 1052 3039 ,su
1083 2952 1093 3036 J

94 3085 155 3151 pra
170 3059 433 3152 cousuetudinem,
444 3059 544 3150 fitpra
560 3058 655 3125 etiam
676 3060 895 3125 mortalitatem
912 3080 998 3127 tuam
1010 3055 1052 3125 tibi
1087 3080 1092 3116 1>

89 3169 172 3260 fitur
196 3172 304 3238 omnia
323 3171 466 3249 tributa;
483 3194 537 3237 tur
561 3188 617 3236 aut
637 3170 779 3260 ingratus
808 3170 993 3253 crudeliter,
1010 3184 1052 3235 eut
1082 3162 1091 3228 ἐι

96 3279 255 3348 immernor
265 3278 398 3364 benefitii
403 3276 547 3366 scelerate
573 3275 792 3365 circumscribis
799 3275 980 3366 senatum?
994 3275 1052 3366 Quo
1083 3296 1090 3336 t

96 3410 123 3481 te
146 3387 313 3485 trofimus?
332 3414 352 3455 a
371 3388 484 3481 quibus
502 3387 682 3455 reuerteris?
716 3408 831 3466 contra,
850 3412 929 3477 quos
963 3408 1052 3456 armo·
1082 3405 1093 3447 t

96 3500 231 3568 vimus?
253 3498 368 3589 quibus
385 3522 475 3565 arma
502 3498 618 3590 cogitas
644 3495 784 3585 inferre?
803 3497 958 3585 aquibus
981 3519 1053 3564 exer·
1083 3495 1089 3552 ὲ

97 3609 191 3675 eitum
215 3605 374 3678 abducis?
401 3602 528 3699 &quos
551 3608 697 3698 aduersus
726 3609 821 3682 aciem
838 3605 974 3705 struis?
1003 3606 1054 3672 Cur
1084 3624 1093 3663 r.

97 3715 190 3818 bostis
217 3718 509 3813 relinqreitrtr.>eiris
524 3718 618 3816 bostis
635 3721 700 3788 loto
715 3717 877 3809 ponitur?
901 3743 957 3788 cur
973 3713 1052 3816 casira
1084 3711 1093 3771 ὲ
