2348 4238
115 239 167 355 56
260 251 580 328 amsuomuuu
617 253 685 363 Au
719 257 932 334 Amcuu

110 435 161 490 ter
178 418 253 490 Idus
272 421 371 490 Mart.
393 442 486 508 nam,
506 417 666 515 quoniam
688 421 807 494 Fundis
827 423 896 495 sum
916 450 991 498 cum
1016 427 1072 499 Li·

108 512 188 624 g'ude
202 527 338 619 nostr0,
353 527 555 616 discrucior,
565 530 1070 612 Sextiliifimdumaverberone

108 630 254 712 Curtilio
277 638 455 736 poffideri.
473 641 566 738 quod
586 665 663 712 cum
688 642 785 735 dico,
800 645 841 717 de
858 658 934 718 t'oto
948 652 1078 744 genere‘

107 747 195 847 ddc0.
210 749 291 847 quid
304 750 394 822 enim
411 747 579 842 miserius,
592 756 692 848 qu'am
710 777 748 824 ea
769 777 831 826 uos
844 756 953 845 tueri,
967 782 1069 854 prop·

106 875 157 931 ter
174 885 258 958 quae
272 860 361 933 illum
377 861 553 935 oderamus
564 861 746 935 ?·Etiamne
763 864 908 938 consules
922 886 957 938 et
968 867 1069 939 tribu·

13 1024 15 1029 Α
105 962 169 1038 mos
182 968 285 1064 plebis
297 967 333 1046 iu
343 969 512 1044 biennium
528 995 543 1060 ,¹
552 993 638 1068 quos
655 969 711 1043 ille
733 971 865 1045 voluit?
885 973 979 1046 nullo
993 999 1069 1046 mo·

60 1158 68 1171 ,
104 1078 151 1150 do
165 1078 322 1175 rep'erio,
340 1080 620 1179 quemadmodum
635 1079 756 1179 poffim
770 1086 994 1167 aucum-um.
1018 1086 1067 1157 ni·

103 1182 150 1260 hil
173 1190 261 1261 enim
283 1208 524 1287 tammonem,
544 1216 645 1289 quam
668 1227 887 1287 τυμννοκτονυς
910 1192 1068 1270 ἱῐὶὉοθῙό

103 1295 188 1387 effe,
204 1299 345 1399 tyranni
367 1299 455 1372 faua
475 1300 619 1375 defendi.
637 1302 693 1376 sed
711 1302 805 1376 vides
820 1302 993 1396 consules,
1014 1307 1069 1382 vi-

88 1406 161 1503 des
188 1410 337 1508 reliquos
358 1407 578 1507 magistratus,
602 1406 695 1482 fiisti
720 1409 945 1509 magistratus:
968 1415 1063 1491 vides

90 1517 294 1616 danguorem
324 1519 507 1593 bonorum.
533 1520 699 1622 exsultatu
718 1521 873 1600 laetitia
864 1549 900 1594 m
923 1528 1065 1600 munici-

75 1686 76 1691 ,
100 1629 214 1726 piis
194 1629 261 1701 dici
275 1629 365 1702 enim
381 1655 450 1703 non
468 1631 598 1729 potest,
613 1654 739 1730 quanto
759 1657 861 1732 opere
879 1636 1065 1741 gaudeant,

26 1772 28 1776 ⁴
76 1765 79 1768 ’
100 1759 139 1812 ut
161 1740 202 1810 ad
221 1766 275 1813 me
294 1765 520 1834 concurrant,
536 1760 574 1816 ut
593 1742 706 1815 audire
729 1744 879 1871 cupiant·
874 1743 979 1816 verba
991 1771 1064 1819 mea

80 1877 138 1943 ,ea
158 1854 200 1926 de
217 1878 273 1927 re:
290 1880 353 1929 nec
369 1854 457 1927 ulla
448 1878 572 1929 mterea
586 1856 726 1929 decreta
767 1854 811 1929 fic
828 1854 916 1928 enim
935 1889 1065 1938 mm-

97 1952 242 2073 ςἰιυμεθι,
253 1992 291 2042 ut
301 1968 409 2043 v1dos
421 1977 652 2042 metueremus
676 1967 769 2043 Haec
782 1969 824 2041 ad
834 1985 866 2040 te
879 1965 989 2065 scripfi
1003 1995 1062 2068 ap·

98 2060 203 2174 posta
222 2078 363 2175 secunda
384 2077 519 2151 mensa:
533 2079 628 2187 plura
642 2094 676 2150 et
689 2107 884 2170 munuum?
885 2112 906 2150 a
926 2074 1062 2174 postea}

21 2188 22 2191 ’
97 2210 132 2260 et
149 2206 206 2281 tu,
217 2189 299 2288 quid
317 2213 411 2287 agas,
418 2176 571 2286 quidque
585 2201 712 2284 agatur.

264 2393 509 2467 CICERO
557 2388 801 2464 ATTICO
849 2391 881 2463 S

94 2510 435 2720 7POSTRIDIE
450 2620 525 2692 Idus
543 2617 729 2693 Paullum
719 2632 756 2689 ιη
778 2615 892 2692 Caieta
922 2616 1041 2694 viddss
1031 2638 1058 2693 ις

93 2736 176 2808 mihi
188 2737 229 2840 (19
246 2734 403 2813 Marioet
415 2733 456 2807 de
465 2730 634 2827 repubhca
646 2729 707 2799 alia
718 2727 879 2835 quaedam
894 2725 969 2798 saue
981 2726 1056 2824 pes·

91 2847 180 2919 suna.
207 2862 284 2917 ate
311 2842 434 2917 scilicet
455 2840 671 2934 nfrhi13nem0
697 2839 787 2910 enim
814 2861 984 2921 meorum.¹
1001 2837 1056 2910 sed

42 3001 43 3005 =
89 2961 234 3049 Brutum
252 2954 402 3029 nostrum
420 2954 520 3026 audio
532 2951 640 3026 visum
660 2951 719 3023 sub
737 2948 898 3022 Lanuvio.
912 2949 969 3019 ubi
982 2972 1057 3022 tan·

90 3053 168 3145 dem
183 3068 230 3141 est
243 3064 394 3154 futurus?
414 3088 491 3136 nam
510 3087 586 3134 cum
606 3061 835 3184 reliqua3tum
850 3057 972 3131 dehoc
992 3059 1056 3131 sci·

89 3201 126 3253 re
139 3201 226 3252 aveo
241 3173 364 3247 omnia.
384 3177 491 3271 Egoe
509 3170 689 3244 Formmno
702 3168 813 3245 exiens
826 3188 902 3241 xv11
924 3165 1003 3239 Kal.
1018 3183 1056 3238 ut

88 3287 168 3363 iude
187 3287 292 3359 altero
304 3284 408 3357 diem
420 3278 639 3354 Puteolanum
649 3276 793 3375 scupfi
803 3275 895 3348 haec
917 3269 1057 3348 Aeaee-

86 3426 172 3476 rone
192 3398 274 3473 mihi
295 3396 407 3470 literae
425 3391 502 3465 sane
520 3425 734 3484 πεπιναμενιι,
753 3406 785 3459 et
806 3384 889 3459 bene
921 3385 1055 3483 longae.

87 3527 323 3588 cetera'autem
339 3505 396 3583 vel
406 3501 494 3601 ‘fingi
507 3499 659 3600 possum
675 3537 756 3576 mm
770 3498 938 3571 literarum
951 3495 1055 3593 figni-

85 3621 165 3695 ficat
181 3620 382 3711 dodiorem.
406 3638 493 3710 nuuc
508 3632 740 3707 magnoperea
760 3601 794 3681 te
809 3627 911 3703 peto,
925 3604 967 3676 de
980 3629 1053 3702 quo

83 3732 157 3815 sum
172 3754 276 3833 nuper
293 3744 405 3810 tecum
427 3722 580 3816 locutus,
592 3741 630 3795 ut
644 3719 759 3813 videas
774 3744 816 3827 ue
832 3717 915 3818 quid
934 3714 970 3827 9³
993 3719 1054 3791 de·
1080 3730 1093 3743 “·

12 3896 137 3992 ἢ
190 3925 193 3929 ,
