<?xml version="1.0" encoding="UTF-8"?>
<!DOCTYPE html PUBLIC "-//W3C//DTD XHTML 1.0 Transitional//EN"
    "http://www.w3.org/TR/xhtml1/DTD/xhtml1-transitional.dtd">
<html xmlns="http://www.w3.org/1999/xhtml" xml:lang="en" lang="en">
 <head>
  <title>
</title>
<meta http-equiv="Content-Type" content="text/html;charset=utf-8" />
  <meta name='ocr-system' content='tesseract 3.04.00' />
  <meta name='ocr-capabilities' content='ocr_page ocr_carea ocr_par ocr_line ocrx_word'/>
</head>
<body>
  <div class='ocr_page' id='page_1' title='image "./mtulliiciceroni02plutgoog/mtulliiciceroni02plutgoog_0171.png"; bbox 0 0 2348 4238; ppageno 0'>
   <div class='ocr_carea' id='block_1_1' title="bbox 168 164 1035 323">
    <p class='ocr_par' dir='ltr' id='par_1_1' title="bbox 168 164 1035 323">
     <span class='ocr_line' id='line_1_1' title="bbox 168 164 1035 323; baseline 0.003 -37"><span class='ocrx_word' id='word_1_1' title='bbox 168 238 237 312; x_wconf 82' lang='lat'>170</span> <span class='ocrx_word' id='word_1_2' title='bbox 308 218 627 291; x_wconf 67' lang='lat' dir='ltr'>ausinianum</span> <span class='ocrx_word' id='word_1_3' title='bbox 652 218 719 291; x_wconf 79' lang='lat' dir='ltr'>nn</span> <span class='ocrx_word' id='word_1_4' title='bbox 745 221 792 311; x_wconf 86' lang='lat' dir='ltr'>Q.</span> <span class='ocrx_word' id='word_1_5' title='bbox 813 164 1035 323; x_wconf 55' lang='lat' dir='ltr'>fanianu</span> 
     </span>
    </p>
   </div>
   <div class='ocr_carea' id='block_1_2' title="bbox 24 366 1145 3780">
    <p class='ocr_par' dir='ltr' id='par_1_2' title="bbox 158 366 1123 1027">
     <span class='ocr_line' id='line_1_2' title="bbox 162 366 1122 477; baseline -0.002 -24"><span class='ocrx_word' id='word_1_6' title='bbox 162 382 204 455; x_wconf 86' lang='lat' dir='ltr'>tis</span> <span class='ocrx_word' id='word_1_7' title='bbox 218 407 260 456; x_wconf 86' lang='lat' dir='ltr'>ex</span> <span class='ocrx_word' id='word_1_8' title='bbox 272 381 376 456; x_wconf 85' lang='lat' dir='ltr'>literis</span> <span class='ocrx_word' id='word_1_9' title='bbox 385 378 456 452; x_wconf 74' lang='lat' dir='ltr'>eitu</span> <span class='ocrx_word' id='word_1_10' title='bbox 469 378 653 477; x_wconf 83' lang='lat' dir='ltr'>intelligere</span> <span class='ocrx_word' id='word_1_11' title='bbox 669 381 853 477; x_wconf 87' lang='lat' dir='ltr'>potuimus.</span> <span class='ocrx_word' id='word_1_12' title='bbox 875 366 953 473; x_wconf 75' lang='lat' dir='ltr'>Tu,</span> <span class='ocrx_word' id='word_1_13' title='bbox 987 372 1122 477; x_wconf 63' lang='lat' dir='ltr'>quoquo</span> 
     </span>
     <span class='ocr_line' id='line_1_3' title="bbox 160 489 1119 592; baseline -0.007 -26"><span class='ocrx_word' id='word_1_14' title='bbox 160 494 289 584; x_wconf 90' lang='lat' dir='ltr'>modo,</span> <span class='ocrx_word' id='word_1_15' title='bbox 305 493 464 592; x_wconf 90' lang='lat' dir='ltr'>quoniam</span> <span class='ocrx_word' id='word_1_16' title='bbox 478 491 598 589; x_wconf 79' lang='lat' dir='ltr'>Ephesi</span> <span class='ocrx_word' id='word_1_17' title='bbox 615 489 680 578; x_wconf 80' lang='lat' dir='ltr'>est,</span> <span class='ocrx_word' id='word_1_18' title='bbox 690 491 864 591; x_wconf 82' lang='lat' dir='ltr'>hominem</span> <span class='ocrx_word' id='word_1_19' title='bbox 878 489 1054 587; x_wconf 76' lang='lat' dir='ltr'>investiges</span> <span class='ocrx_word' id='word_1_20' title='bbox 1066 512 1119 561; x_wconf 82' lang='lat' dir='ltr'>ve·</span> 
     </span>
     <span class='ocr_line' id='line_1_4' title="bbox 159 596 1120 703; baseline -0.01 -26"><span class='ocrx_word' id='word_1_21' title='bbox 159 604 242 695; x_wconf 91' lang='lat' dir='ltr'>lim,</span> <span class='ocrx_word' id='word_1_22' title='bbox 265 605 458 703; x_wconf 88' lang='lat' dir='ltr'>summaque</span> <span class='ocrx_word' id='word_1_23' title='bbox 487 601 657 703; x_wconf 78' lang='lat' dir='ltr'>diligentia</span> <span class='ocrx_word' id='word_1_24' title='bbox 672 599 729 675; x_wconf 88' lang='lat' dir='ltr'>vel</span> <span class='ocrx_word' id='word_1_25' title='bbox 744 618 855 673; x_wconf 86' lang='lat' dir='ltr'>recum</span> <span class='ocrx_word' id='word_1_26' title='bbox 869 600 1027 673; x_wconf 61' lang='lat' dir='ltr'>deducas</span> <span class='ocrx_word' id='word_1_27' title='bbox 1050 596 1120 683; x_wconf 84' lang='lat' dir='ltr'>Noli</span> 
     </span>
     <span class='ocr_line' id='line_1_5' title="bbox 158 707 1119 812; baseline -0.007 -25"><span class='ocrx_word' id='word_1_28' title='bbox 158 714 303 812; x_wconf 71' lang='lat' dir='ltr'>speum</span> <span class='ocrx_word' id='word_1_29' title='bbox 315 766 328 803; x_wconf 93' lang='lat'>,</span> <span class='ocrx_word' id='word_1_30' title='bbox 340 711 456 811; x_wconf 85' lang='lat' dir='ltr'>quanti</span> <span class='ocrx_word' id='word_1_31' title='bbox 469 711 576 793; x_wconf 90' lang='lat' dir='ltr'>homo</span> <span class='ocrx_word' id='word_1_32' title='bbox 589 709 646 783; x_wconf 85' lang='lat' dir='ltr'>srt:</span> <span class='ocrx_word' id='word_1_33' title='bbox 660 708 756 807; x_wconf 89' lang='lat' dir='ltr'>parvi</span> <span class='ocrx_word' id='word_1_34' title='bbox 769 709 860 783; x_wconf 88' lang='lat' dir='ltr'>enim</span> <span class='ocrx_word' id='word_1_35' title='bbox 874 710 978 808; x_wconf 88' lang='lat' dir='ltr'>pretii</span> <span class='ocrx_word' id='word_1_36' title='bbox 990 707 1040 783; x_wconf 78' lang='lat' dir='ltr'>esi</span> <span class='ocrx_word' id='word_1_37' title='bbox 1050 762 1062 800; x_wconf 90' lang='lat'>,</span> <span class='ocrx_word' id='word_1_38' title='bbox 1071 707 1119 806; x_wconf 88' lang='lat' dir='ltr'>qui</span> 
     </span>
     <span class='ocr_line' id='line_1_6' title="bbox 159 810 1123 919; baseline -0.006 -22"><span class='ocrx_word' id='word_1_39' title='bbox 159 821 228 897; x_wconf 90' lang='lat' dir='ltr'>iam</span> <span class='ocrx_word' id='word_1_40' title='bbox 248 822 342 897; x_wconf 78' lang='lat' dir='ltr'>nihili</span> <span class='ocrx_word' id='word_1_41' title='bbox 354 822 412 897; x_wconf 80' lang='lat' dir='ltr'>sit:</span> <span class='ocrx_word' id='word_1_42' title='bbox 437 821 493 895; x_wconf 92' lang='lat' dir='ltr'>sed</span> <span class='ocrx_word' id='word_1_43' title='bbox 504 840 600 895; x_wconf 83' lang='lat' dir='ltr'>tanto</span> <span class='ocrx_word' id='word_1_44' title='bbox 615 822 733 913; x_wconf 84' lang='lat' dir='ltr'>dolore</span> <span class='ocrx_word' id='word_1_45' title='bbox 748 820 900 919; x_wconf 86' lang='lat' dir='ltr'>Aesopus</span> <span class='ocrx_word' id='word_1_46' title='bbox 922 819 973 893; x_wconf 86' lang='lat' dir='ltr'>est</span> <span class='ocrx_word' id='word_1_47' title='bbox 991 810 1123 893; x_wconf 64' lang='lat' dir='ltr'>assedus</span> 
     </span>
     <span class='ocr_line' id='line_1_7' title="bbox 159 926 1120 1027; baseline -0.002 -24"><span class='ocrx_word' id='word_1_48' title='bbox 159 948 301 1027; x_wconf 86' lang='lat' dir='ltr'>propter</span> <span class='ocrx_word' id='word_1_49' title='bbox 313 928 400 1002; x_wconf 88' lang='lat' dir='ltr'>servi</span> <span class='ocrx_word' id='word_1_50' title='bbox 419 929 524 1005; x_wconf 86' lang='lat' dir='ltr'>scelus</span> <span class='ocrx_word' id='word_1_51' title='bbox 544 949 579 1002; x_wconf 86' lang='lat' dir='ltr'>et</span> <span class='ocrx_word' id='word_1_52' title='bbox 593 930 788 1025; x_wconf 82' lang='lat' dir='ltr'>audaciam,</span> <span class='ocrx_word' id='word_1_53' title='bbox 806 948 845 1001; x_wconf 88' lang='lat' dir='ltr'>ut</span> <span class='ocrx_word' id='word_1_54' title='bbox 859 928 944 1001; x_wconf 90' lang='lat' dir='ltr'>nihil</span> <span class='ocrx_word' id='word_1_55' title='bbox 961 927 994 1001; x_wconf 89' lang='lat' dir='ltr'>ei</span> <span class='ocrx_word' id='word_1_56' title='bbox 1009 926 1120 1027; x_wconf 72' lang='lat' dir='ltr'>gratius</span> 
     </span>
    </p>

    <p class='ocr_par' dir='ltr' id='par_1_3' title="bbox 64 1036 1123 1790">
     <span class='ocr_line' id='line_1_8' title="bbox 124 1036 1120 1139; baseline -0.006 -24"><span class='ocrx_word' id='word_1_57' title='bbox 124 1064 141 1139; x_wconf 83' lang='lat'><em>5</em></span> <span class='ocrx_word' id='word_1_58' title='bbox 160 1038 268 1115; x_wconf 89' lang='lat' dir='ltr'>sacere</span> <span class='ocrx_word' id='word_1_59' title='bbox 279 1038 400 1137; x_wconf 85' lang='lat' dir='ltr'>pollis,</span> <span class='ocrx_word' id='word_1_60' title='bbox 416 1058 515 1136; x_wconf 85' lang='lat' dir='ltr'>quarn</span> <span class='ocrx_word' id='word_1_61' title='bbox 530 1038 553 1111; x_wconf 89' lang='lat' dir='ltr'>sr</span> <span class='ocrx_word' id='word_1_62' title='bbox 567 1038 662 1111; x_wconf 90' lang='lat' dir='ltr'>illum</span> <span class='ocrx_word' id='word_1_63' title='bbox 676 1063 737 1136; x_wconf 91' lang='lat' dir='ltr'>per</span> <span class='ocrx_word' id='word_1_64' title='bbox 750 1060 783 1109; x_wconf 91' lang='lat' dir='ltr'>te</span> <span class='ocrx_word' id='word_1_65' title='bbox 797 1036 1017 1133; x_wconf 88' lang='lat' dir='ltr'>recuperarit.</span> <span class='ocrx_word' id='word_1_66' title='bbox 1031 1036 1120 1109; x_wconf 86' lang='lat' dir='ltr'>Nunc</span> 
     </span>
     <span class='ocr_line' id='line_1_9' title="bbox 64 1144 1119 1247; baseline -0.011 -19"><span class='ocrx_word' id='word_1_67' title='bbox 64 1198 67 1203; x_wconf 92' lang='lat'>·</span> <span class='ocrx_word' id='word_1_68' title='bbox 159 1174 199 1227; x_wconf 82' lang='lat' dir='ltr'>ea</span> <span class='ocrx_word' id='word_1_69' title='bbox 211 1148 401 1247; x_wconf 83' lang='lat' dir='ltr'>cognosce,</span> <span class='ocrx_word' id='word_1_70' title='bbox 420 1173 507 1247; x_wconf 88' lang='lat' dir='ltr'>quae</span> <span class='ocrx_word' id='word_1_71' title='bbox 528 1147 674 1221; x_wconf 87' lang='lat' dir='ltr'>maxime</span> <span class='ocrx_word' id='word_1_72' title='bbox 695 1164 846 1243; x_wconf 82' lang='lat' dir='ltr'>exoptas.</span> <span class='ocrx_word' id='word_1_73' title='bbox 871 1144 1119 1242; x_wconf 83' lang='lat' dir='ltr'>Rempublican</span> 
     </span>
     <span class='ocr_line' id='line_1_10' title="bbox 159 1253 1119 1358; baseline 0.001 -32"><span class='ocrx_word' id='word_1_74' title='bbox 159 1253 307 1327; x_wconf 78' lang='lat' dir='ltr'>frmdims</span> <span class='ocrx_word' id='word_1_75' title='bbox 322 1255 514 1328; x_wconf 81' lang='lat' dir='ltr'>amisimus:</span> <span class='ocrx_word' id='word_1_76' title='bbox 538 1257 624 1358; x_wconf 87' lang='lat' dir='ltr'>adeo</span> <span class='ocrx_word' id='word_1_77' title='bbox 641 1274 678 1329; x_wconf 89' lang='lat' dir='ltr'>ut</span> <span class='ocrx_word' id='word_1_78' title='bbox 695 1256 810 1345; x_wconf 86' lang='lat' dir='ltr'>Cato,</span> <span class='ocrx_word' id='word_1_79' title='bbox 838 1254 1033 1341; x_wconf 83' lang='lat' dir='ltr'>adolescens</span> <span class='ocrx_word' id='word_1_80' title='bbox 1055 1255 1119 1327; x_wconf 76' lang='lat' dir='ltr'>nul·</span> 
     </span>
     <span class='ocr_line' id='line_1_11' title="bbox 158 1362 1119 1456; baseline 0.004 -23"><span class='ocrx_word' id='word_1_81' title='bbox 158 1362 222 1447; x_wconf 89' lang='lat' dir='ltr'>lius</span> <span class='ocrx_word' id='word_1_82' title='bbox 241 1364 389 1456; x_wconf 80' lang='lat' dir='ltr'>consilii,</span> <span class='ocrx_word' id='word_1_83' title='bbox 411 1365 467 1438; x_wconf 91' lang='lat' dir='ltr'>sed</span> <span class='ocrx_word' id='word_1_84' title='bbox 482 1385 593 1441; x_wconf 79' lang='lat' dir='ltr'>tamen</span> <span class='ocrx_word' id='word_1_85' title='bbox 611 1368 704 1455; x_wconf 83' lang='lat' dir='ltr'>civis¹</span> <span class='ocrx_word' id='word_1_86' title='bbox 717 1370 890 1449; x_wconf 81' lang='lat' dir='ltr'>Romanus</span> <span class='ocrx_word' id='word_1_87' title='bbox 902 1383 937 1438; x_wconf 90' lang='lat' dir='ltr'>et</span> <span class='ocrx_word' id='word_1_88' title='bbox 952 1366 1119 1456; x_wconf 84' lang='lat' dir='ltr'>Cato,vir</span> 
     </span>
     <span class='ocr_line' id='line_1_12' title="bbox 160 1472 1120 1574; baseline 0 -27"><span class='ocrx_word' id='word_1_89' title='bbox 160 1473 264 1547; x_wconf 86' lang='lat' dir='ltr'>vivus</span> <span class='ocrx_word' id='word_1_90' title='bbox 287 1472 472 1572; x_wconf 71' lang='lat' dir='ltr'>effugeret,</span> <span class='ocrx_word' id='word_1_91' title='bbox 496 1477 617 1574; x_wconf 90' lang='lat' dir='ltr'>quod,</span> <span class='ocrx_word' id='word_1_92' title='bbox 643 1503 720 1550; x_wconf 92' lang='lat' dir='ltr'>cum</span> <span class='ocrx_word' id='word_1_93' title='bbox 733 1475 914 1548; x_wconf 89' lang='lat' dir='ltr'>Gabinium</span> <span class='ocrx_word' id='word_1_94' title='bbox 929 1476 982 1547; x_wconf 91' lang='lat' dir='ltr'>.de</span> <span class='ocrx_word' id='word_1_95' title='bbox 1003 1476 1120 1549; x_wconf 76' lang='lat' dir='ltr'>ambitu</span> 
     </span>
     <span class='ocr_line' id='line_1_13' title="bbox 161 1574 1123 1684; baseline 0.004 -29"><span class='ocrx_word' id='word_1_96' title='bbox 161 1574 264 1683; x_wconf 73' lang='lat' dir='ltr'>uellet</span> <span class='ocrx_word' id='word_1_97' title='bbox 276 1584 462 1681; x_wconf 79' lang='lat' dir='ltr'>postulare,</span> <span class='ocrx_word' id='word_1_98' title='bbox 477 1613 586 1684; x_wconf 89' lang='lat' dir='ltr'>neque</span> <span class='ocrx_word' id='word_1_99' title='bbox 600 1606 768 1683; x_wconf 88' lang='lat' dir='ltr'>praetores</span> <span class='ocrx_word' id='word_1_100' title='bbox 784 1586 902 1659; x_wconf 86' lang='lat' dir='ltr'>diebus</span> <span class='ocrx_word' id='word_1_101' title='bbox 915 1587 1048 1683; x_wconf 87' lang='lat' dir='ltr'>aliquot</span> <span class='ocrx_word' id='word_1_102' title='bbox 1066 1587 1123 1661; x_wconf 87' lang='lat' dir='ltr'>adi·</span> 
     </span>
     <span class='ocr_line' id='line_1_14' title="bbox 158 1691 1119 1790; baseline 0.004 -25"><span class='ocrx_word' id='word_1_103' title='bbox 158 1692 188 1765; x_wconf 87' lang='lat' dir='ltr'>ri</span> <span class='ocrx_word' id='word_1_104' title='bbox 213 1691 364 1787; x_wconf 75' lang='lat' dir='ltr'>possent,</span> <span class='ocrx_word' id='word_1_105' title='bbox 388 1694 446 1766; x_wconf 92' lang='lat' dir='ltr'>vel</span> <span class='ocrx_word' id='word_1_106' title='bbox 466 1693 663 1790; x_wconf 83' lang='lat' dir='ltr'>potestatem</span> <span class='ocrx_word' id='word_1_107' title='bbox 686 1696 735 1767; x_wconf 92' lang='lat' dir='ltr'>sui</span> <span class='ocrx_word' id='word_1_108' title='bbox 747 1695 917 1784; x_wconf 71' lang='lat' dir='ltr'>facerent,</span> <span class='ocrx_word' id='word_1_109' title='bbox 941 1694 1119 1769; x_wconf 84' lang='lat' dir='ltr'>inconcio·</span> 
     </span>
    </p>

    <p class='ocr_par' dir='ltr' id='par_1_4' title="bbox 24 1794 1128 2239">
     <span class='ocr_line' id='line_1_15' title="bbox 24 1794 1121 1903; baseline -0.002 -24"><span class='ocrx_word' id='word_1_110' title='bbox 24 1842 28 1853; x_wconf 85' lang='grc'><em>·</em></span> <span class='ocrx_word' id='word_1_111' title='bbox 159 1830 237 1879; x_wconf 88' lang='lat' dir='ltr'>nem</span> <span class='ocrx_word' id='word_1_112' title='bbox 249 1804 482 1893; x_wconf 80' lang='lat' dir='ltr'>adscendir‚et</span> <span class='ocrx_word' id='word_1_113' title='bbox 492 1807 693 1903; x_wconf 89' lang='lat' dir='ltr'>Pompeium</span> <span class='ocrx_word' id='word_1_114' title='bbox 704 1806 851 1902; x_wconf 77' lang='lat' dir='ltr'>privatus</span> <span class='ocrx_word' id='word_1_115' title='bbox 861 1794 1063 1879; x_wconf 42' lang='lat' dir='ltr'>&#39;didatorem</span> <span class='ocrx_word' id='word_1_116' title='bbox 1075 1831 1121 1901; x_wconf 82' lang='lat' dir='ltr'>ap</span> 
     </span>
     <span class='ocr_line' id='line_1_16' title="bbox 158 1913 1121 2013; baseline 0.002 -28"><span class='ocrx_word' id='word_1_117' title='bbox 158 1913 306 2011; x_wconf 86' lang='lat' dir='ltr'>pellavit.</span> <span class='ocrx_word' id='word_1_118' title='bbox 327 1915 466 2011; x_wconf 83' lang='lat' dir='ltr'>propius</span> <span class='ocrx_word' id='word_1_119' title='bbox 479 1916 560 1987; x_wconf 89' lang='lat' dir='ltr'>nibil</span> <span class='ocrx_word' id='word_1_120' title='bbox 576 1913 774 2004; x_wconf 79' lang='lat' dir='ltr'>estfauum,</span> <span class='ocrx_word' id='word_1_121' title='bbox 786 1939 887 2013; x_wconf 84' lang='lat' dir='ltr'>quam</span> <span class='ocrx_word' id='word_1_122' title='bbox 902 1931 943 1986; x_wconf 88' lang='lat' dir='ltr'>ut</span> <span class='ocrx_word' id='word_1_123' title='bbox 960 1915 1121 1999; x_wconf 85' lang='lat' dir='ltr'>occidere·</span> 
     </span>
     <span class='ocr_line' id='line_1_17' title="bbox 158 2021 1128 2123; baseline -0.001 -25"><span class='ocrx_word' id='word_1_124' title='bbox 158 2043 224 2105; x_wconf 75' lang='lat' dir='ltr'>aur.</span> <span class='ocrx_word' id='word_1_125' title='bbox 247 2027 298 2097; x_wconf 85' lang='lat' dir='ltr'>Ex</span> <span class='ocrx_word' id='word_1_126' title='bbox 318 2025 411 2111; x_wconf 90' lang='lat' dir='ltr'>hoc,</span> <span class='ocrx_word' id='word_1_127' title='bbox 430 2024 489 2121; x_wconf 92' lang='lat' dir='ltr'>qui</span> <span class='ocrx_word' id='word_1_128' title='bbox 500 2024 538 2095; x_wconf 89' lang='lat' dir='ltr'>sit</span> <span class='ocrx_word' id='word_1_129' title='bbox 548 2022 646 2097; x_wconf 82' lang='lat' dir='ltr'>slatus</span> <span class='ocrx_word' id='word_1_130' title='bbox 661 2024 762 2097; x_wconf 85' lang='lat' dir='ltr'>totius</span> <span class='ocrx_word' id='word_1_131' title='bbox 775 2021 995 2121; x_wconf 88' lang='lat' dir='ltr'>reipublicae,</span> <span class='ocrx_word' id='word_1_132' title='bbox 1012 2024 1128 2123; x_wconf 78' lang='lat' dir='ltr'>videre</span> 
     </span>
     <span class='ocr_line' id='line_1_18' title="bbox 160 2126 1120 2239; baseline -0.004 -28"><span class='ocrx_word' id='word_1_133' title='bbox 160 2156 270 2239; x_wconf 88' lang='lat' dir='ltr'>potes.</span> <span class='ocrx_word' id='word_1_134' title='bbox 280 2135 422 2209; x_wconf 87' lang='lat' dir='ltr'>Nostrae</span> <span class='ocrx_word' id='word_1_135' title='bbox 435 2160 547 2209; x_wconf 88' lang='lat' dir='ltr'>tamen</span> <span class='ocrx_word' id='word_1_136' title='bbox 565 2134 677 2209; x_wconf 86' lang='lat' dir='ltr'>causae</span> <span class='ocrx_word' id='word_1_137' title='bbox 699 2160 769 2207; x_wconf 90' lang='lat' dir='ltr'>non</span> <span class='ocrx_word' id='word_1_138' title='bbox 795 2136 953 2208; x_wconf 80' lang='lat' dir='ltr'>videntur</span> <span class='ocrx_word' id='word_1_139' title='bbox 976 2126 1120 2207; x_wconf 74' lang='lat' dir='ltr'>homines</span> 
     </span>
    </p>

    <p class='ocr_par' dir='ltr' id='par_1_5' title="bbox 63 2244 1145 3780">
     <span class='ocr_line' id='line_1_19' title="bbox 63 2244 1122 2344; baseline -0.007 -22"><span class='ocrx_word' id='word_1_140' title='bbox 63 2294 65 2299; x_wconf 94' lang='lat'>·</span> <span class='ocrx_word' id='word_1_141' title='bbox 159 2248 319 2323; x_wconf 81' lang='lat' dir='ltr'>defuturi.</span> <span class='ocrx_word' id='word_1_142' title='bbox 331 2248 519 2320; x_wconf 87' lang='lat' dir='ltr'>mirandum</span> <span class='ocrx_word' id='word_1_143' title='bbox 531 2247 568 2324; x_wconf 85' lang='lat' dir='ltr'>in</span> <span class='ocrx_word' id='word_1_144' title='bbox 581 2247 721 2319; x_wconf 90' lang='lat' dir='ltr'>modum</span> <span class='ocrx_word' id='word_1_145' title='bbox 737 2244 964 2344; x_wconf 84' lang='lat' dir='ltr'>profitentur,</span> <span class='ocrx_word' id='word_1_146' title='bbox 989 2244 1122 2318; x_wconf 73' lang='lat' dir='ltr'>offertut</span> 
     </span>
     <span class='ocr_line' id='line_1_20' title="bbox 158 2357 1119 2456; baseline -0.006 -23"><span class='ocrx_word' id='word_1_147' title='bbox 158 2359 212 2453; x_wconf 83' lang='lat' dir='ltr'>se,</span> <span class='ocrx_word' id='word_1_148' title='bbox 231 2358 451 2455; x_wconf 81' lang='lat' dir='ltr'>pollicentur3</span> <span class='ocrx_word' id='word_1_149' title='bbox 470 2374 504 2429; x_wconf 87' lang='lat' dir='ltr'>et</span> <span class='ocrx_word' id='word_1_150' title='bbox 527 2357 664 2456; x_wconf 89' lang='lat' dir='ltr'>quidem</span> <span class='ocrx_word' id='word_1_151' title='bbox 691 2385 769 2451; x_wconf 86' lang='lat' dir='ltr'>cum</span> <span class='ocrx_word' id='word_1_152' title='bbox 791 2357 847 2454; x_wconf 88' lang='lat' dir='ltr'>spe</span> <span class='ocrx_word' id='word_1_153' title='bbox 869 2357 943 2429; x_wconf 93' lang='lat' dir='ltr'>sum</span> <span class='ocrx_word' id='word_1_154' title='bbox 961 2358 1119 2446; x_wconf 87' lang='lat' dir='ltr'>maxima,</span> 
     </span>
     <span class='ocr_line' id='line_1_21' title="bbox 157 2456 1120 2566; baseline -0.006 -23"><span class='ocrx_word' id='word_1_155' title='bbox 157 2489 230 2543; x_wconf 89' lang='lat' dir='ltr'>tum</span> <span class='ocrx_word' id='word_1_156' title='bbox 240 2467 367 2539; x_wconf 88' lang='lat' dir='ltr'>maiore</span> <span class='ocrx_word' id='word_1_157' title='bbox 377 2466 479 2540; x_wconf 87' lang='lat' dir='ltr'>etiam</span> <span class='ocrx_word' id='word_1_158' title='bbox 491 2468 623 2541; x_wconf 79' lang='lat' dir='ltr'>animo..</span> <span class='ocrx_word' id='word_1_159' title='bbox 637 2456 938 2566; x_wconf 34' lang='lat' dir='ltr'>spero‘superiores</span> <span class='ocrx_word' id='word_1_160' title='bbox 952 2466 1029 2541; x_wconf 93' lang='lat' dir='ltr'>sore</span> <span class='ocrx_word' id='word_1_161' title='bbox 1046 2490 1120 2539; x_wconf 74' lang='lat' dir='ltr'>nost</span> 
     </span>
     <span class='ocr_line' id='line_1_22' title="bbox 157 2578 1118 2678; baseline -0.005 -24"><span class='ocrx_word' id='word_1_162' title='bbox 157 2579 297 2654; x_wconf 87' lang='lat' dir='ltr'>consido</span> <span class='ocrx_word' id='word_1_163' title='bbox 311 2578 447 2669; x_wconf 90' lang='lat' dir='ltr'>animo,</span> <span class='ocrx_word' id='word_1_164' title='bbox 458 2580 609 2653; x_wconf 81' lang='lat' dir='ltr'>utinhac</span> <span class='ocrx_word' id='word_1_165' title='bbox 626 2583 796 2678; x_wconf 87' lang='lat' dir='ltr'>republica</span> <span class='ocrx_word' id='word_1_166' title='bbox 810 2606 853 2653; x_wconf 92' lang='lat' dir='ltr'>ne</span> <span class='ocrx_word' id='word_1_167' title='bbox 863 2579 973 2653; x_wconf 86' lang='lat' dir='ltr'>casum</span> <span class='ocrx_word' id='word_1_168' title='bbox 989 2580 1118 2678; x_wconf 85' lang='lat' dir='ltr'>quidem</span> 
     </span>
     <span class='ocr_line' id='line_1_23' title="bbox 139 2686 1119 2788; baseline -0.002 -28"><span class='ocrx_word' id='word_1_169' title='bbox 139 2689 260 2760; x_wconf 41' lang='lat' dir='ltr'>*ullum</span> <span class='ocrx_word' id='word_1_170' title='bbox 285 2686 536 2784; x_wconf 83' lang='lat' dir='ltr'>pertimescam:</span> <span class='ocrx_word' id='word_1_171' title='bbox 556 2689 615 2762; x_wconf 87' lang='lat' dir='ltr'>sed</span> <span class='ocrx_word' id='word_1_172' title='bbox 636 2708 746 2763; x_wconf 85' lang='lat' dir='ltr'>tamen</span> <span class='ocrx_word' id='word_1_173' title='bbox 767 2716 821 2763; x_wconf 82' lang='lat' dir='ltr'>res</span> <span class='ocrx_word' id='word_1_174' title='bbox 843 2691 886 2762; x_wconf 92' lang='lat' dir='ltr'>s1c</span> <span class='ocrx_word' id='word_1_175' title='bbox 907 2688 941 2761; x_wconf 90' lang='lat' dir='ltr'>se</span> <span class='ocrx_word' id='word_1_176' title='bbox 962 2689 1072 2788; x_wconf 74' lang='lat' dir='ltr'>lrabet.</span> <span class='ocrx_word' id='word_1_177' title='bbox 1090 2686 1119 2759; x_wconf 87' lang='lat' dir='ltr'>si</span> 
     </span>
     <span class='ocr_line' id='line_1_24' title="bbox 157 2795 1145 2886; baseline -0.005 -17"><span class='ocrx_word' id='word_1_178' title='bbox 157 2797 246 2869; x_wconf 89' lang='lat' dir='ltr'>diem</span> <span class='ocrx_word' id='word_1_179' title='bbox 262 2795 361 2867; x_wconf 89' lang='lat' dir='ltr'>nobis</span> <span class='ocrx_word' id='word_1_180' title='bbox 376 2796 516 2871; x_wconf 86' lang='lat' dir='ltr'>Clodius</span> <span class='ocrx_word' id='word_1_181' title='bbox 534 2799 675 2885; x_wconf 60' lang='lat' dir='ltr'>dixerim</span> <span class='ocrx_word' id='word_1_182' title='bbox 691 2818 761 2872; x_wconf 85' lang='lat' dir='ltr'>tora</span> <span class='ocrx_word' id='word_1_183' title='bbox 775 2799 864 2871; x_wconf 83' lang='lat' dir='ltr'>ltalia</span> <span class='ocrx_word' id='word_1_184' title='bbox 883 2797 1078 2886; x_wconf 81' lang='lat' dir='ltr'>concurret,</span> <span class='ocrx_word' id='word_1_185' title='bbox 1093 2810 1122 2867; x_wconf 82' lang='grc' dir='ltr'>ιιι</span> <span class='ocrx_word' id='word_1_186' title='bbox 1141 2852 1145 2865; x_wconf 95' lang='grc'>.</span> 
     </span>
     <span class='ocr_line' id='line_1_25' title="bbox 158 2894 1120 3008; baseline 0 -28"><span class='ocrx_word' id='word_1_187' title='bbox 158 2894 376 3003; x_wconf 77' lang='lat' dir='ltr'>multiplicata</span> <span class='ocrx_word' id='word_1_188' title='bbox 395 2905 503 3004; x_wconf 86' lang='lat' dir='ltr'>gloria</span> <span class='ocrx_word' id='word_1_189' title='bbox 525 2909 749 2982; x_wconf 89' lang='lat' dir='ltr'>discedamus:</span> <span class='ocrx_word' id='word_1_190' title='bbox 771 2910 819 2983; x_wconf 88' lang='lat' dir='ltr'>sm</span> <span class='ocrx_word' id='word_1_191' title='bbox 846 2933 956 2983; x_wconf 87' lang='lat' dir='ltr'>autem</span> <span class='ocrx_word' id='word_1_192' title='bbox 971 2910 1010 2983; x_wconf 88' lang='lat' dir='ltr'>vi</span> <span class='ocrx_word' id='word_1_193' title='bbox 1034 2932 1120 3008; x_wconf 86' lang='lat' dir='ltr'>agere</span> 
     </span>
     <span class='ocr_line' id='line_1_26' title="bbox 158 3006 1124 3117; baseline -0.002 -24"><span class='ocrx_word' id='word_1_194' title='bbox 158 3017 333 3103; x_wconf 74' lang='lat' dir='ltr'>conabitur</span> <span class='ocrx_word' id='word_1_195' title='bbox 346 3044 358 3105; x_wconf 91' lang='lat'>;</span> <span class='ocrx_word' id='word_1_196' title='bbox 372 3017 469 3117; x_wconf 90' lang='lat' dir='ltr'>spero</span> <span class='ocrx_word' id='word_1_197' title='bbox 479 3018 571 3110; x_wconf 89' lang='lat' dir='ltr'>sore,</span> <span class='ocrx_word' id='word_1_198' title='bbox 585 3019 695 3093; x_wconf 81' lang='lat' dir='ltr'>studiis</span> <span class='ocrx_word' id='word_1_199' title='bbox 710 3045 780 3092; x_wconf 94' lang='lat' dir='ltr'>non</span> <span class='ocrx_word' id='word_1_200' title='bbox 793 3006 900 3092; x_wconf 87' lang='lat' dir='ltr'>solum</span> <span class='ocrx_word' id='word_1_201' title='bbox 925 3021 1124 3110; x_wconf 87' lang='lat' dir='ltr'>amicorum,</span> 
     </span>
     <span class='ocr_line' id='line_1_27' title="bbox 159 3125 1123 3221; baseline -0.002 -17"><span class='ocrx_word' id='word_1_202' title='bbox 159 3130 328 3205; x_wconf 85' lang='lat' dir='ltr'>sedetiam</span> <span class='ocrx_word' id='word_1_203' title='bbox 342 3125 551 3220; x_wconf 85' lang='lat' dir='ltr'>alienorum,¹</span> <span class='ocrx_word' id='word_1_204' title='bbox 570 3149 607 3203; x_wconf 87' lang='lat' dir='ltr'>ut</span> <span class='ocrx_word' id='word_1_205' title='bbox 619 3132 655 3205; x_wconf 93' lang='lat' dir='ltr'>vi</span> <span class='ocrx_word' id='word_1_206' title='bbox 667 3129 859 3204; x_wconf 79' lang='lat' dir='ltr'>resistamus,</span> <span class='ocrx_word' id='word_1_207' title='bbox 882 3134 1017 3205; x_wconf 89' lang='lat' dir='ltr'>Omnes</span> <span class='ocrx_word' id='word_1_208' title='bbox 1028 3151 1062 3206; x_wconf 84' lang='lat' dir='ltr'>et</span> <span class='ocrx_word' id='word_1_209' title='bbox 1079 3131 1123 3221; x_wconf 77' lang='lat' dir='ltr'>se,</span> 
     </span>
     <span class='ocr_line' id='line_1_28' title="bbox 159 3238 1123 3333; baseline 0.001 -22"><span class='ocrx_word' id='word_1_210' title='bbox 159 3261 195 3323; x_wconf 83' lang='lat' dir='ltr'>et</span> <span class='ocrx_word' id='word_1_211' title='bbox 211 3239 286 3311; x_wconf 87' lang='lat' dir='ltr'>suos</span> <span class='ocrx_word' id='word_1_212' title='bbox 306 3238 448 3328; x_wconf 88' lang='lat' dir='ltr'>liberos,</span> <span class='ocrx_word' id='word_1_213' title='bbox 466 3240 618 3325; x_wconf 87' lang='lat' dir='ltr'>amicos,</span> <span class='ocrx_word' id='word_1_214' title='bbox 641 3241 799 3332; x_wconf 82' lang='lat' dir='ltr'>clientes,</span> <span class='ocrx_word' id='word_1_215' title='bbox 817 3242 978 3333; x_wconf 89' lang='lat' dir='ltr'>libertos,</span> <span class='ocrx_word' id='word_1_216' title='bbox 1001 3243 1123 3326; x_wconf 81' lang='lat' dir='ltr'>servos,</span> 
     </span>
     <span class='ocr_line' id='line_1_29' title="bbox 160 3346 1124 3449; baseline -0.002 -28"><span class='ocrx_word' id='word_1_217' title='bbox 160 3346 471 3449; x_wconf 28' lang='lat' dir='ltr'>pecunias‘denique</span> <span class='ocrx_word' id='word_1_218' title='bbox 482 3349 553 3422; x_wconf 83' lang='lat' dir='ltr'>suas</span> <span class='ocrx_word' id='word_1_219' title='bbox 563 3349 771 3445; x_wconf 82' lang='lat' dir='ltr'>pollicentur.</span> <span class='ocrx_word' id='word_1_220' title='bbox 787 3348 908 3422; x_wconf 86' lang='lat' dir='ltr'>Nostra</span> <span class='ocrx_word' id='word_1_221' title='bbox 918 3350 1058 3449; x_wconf 90' lang='lat' dir='ltr'>antiqua</span> <span class='ocrx_word' id='word_1_222' title='bbox 1066 3373 1124 3422; x_wconf 87' lang='lat' dir='ltr'>rna·</span> 
     </span>
     <span class='ocr_line' id='line_1_30' title="bbox 161 3455 1126 3557; baseline -0.005 -23"><span class='ocrx_word' id='word_1_223' title='bbox 161 3487 222 3535; x_wconf 86' lang='lat' dir='ltr'>nus</span> <span class='ocrx_word' id='word_1_224' title='bbox 239 3463 411 3535; x_wconf 88' lang='lat' dir='ltr'>bonorum</span> <span class='ocrx_word' id='word_1_225' title='bbox 431 3459 523 3531; x_wconf 89' lang='lat' dir='ltr'>ardet</span> <span class='ocrx_word' id='word_1_226' title='bbox 538 3458 647 3532; x_wconf 86' lang='lat' dir='ltr'>studio</span> <span class='ocrx_word' id='word_1_227' title='bbox 657 3458 761 3530; x_wconf 89' lang='lat' dir='ltr'>nostri</span> <span class='ocrx_word' id='word_1_228' title='bbox 774 3479 872 3556; x_wconf 86' lang='lat' dir='ltr'>arque</span> <span class='ocrx_word' id='word_1_229' title='bbox 886 3486 1017 3534; x_wconf 82' lang='lat' dir='ltr'>amore.</span> <span class='ocrx_word' id='word_1_230' title='bbox 1040 3455 1126 3557; x_wconf 86' lang='lat' dir='ltr'>fiqui</span> 
     </span>
     <span class='ocr_line' id='line_1_31' title="bbox 162 3567 1125 3667; baseline -0.004 -22"><span class='ocrx_word' id='word_1_231' title='bbox 162 3587 256 3645; x_wconf 82' lang='lat' dir='ltr'>amca</span> <span class='ocrx_word' id='word_1_232' title='bbox 274 3587 331 3643; x_wconf 86' lang='lat' dir='ltr'>aut</span> <span class='ocrx_word' id='word_1_233' title='bbox 350 3568 525 3641; x_wconf 86' lang='lat' dir='ltr'>alieniores</span> <span class='ocrx_word' id='word_1_234' title='bbox 546 3567 696 3659; x_wconf 85' lang='lat' dir='ltr'>fuerant,</span> <span class='ocrx_word' id='word_1_235' title='bbox 711 3587 767 3641; x_wconf 92' lang='lat' dir='ltr'>aut</span> <span class='ocrx_word' id='word_1_236' title='bbox 782 3569 1032 3667; x_wconf 82' lang='lat' dir='ltr'>languidiores,</span> <span class='ocrx_word' id='word_1_237' title='bbox 1046 3593 1125 3643; x_wconf 85' lang='lat' dir='ltr'>nunc</span> 
     </span>
     <span class='ocr_line' id='line_1_32' title="bbox 163 3679 1125 3780; baseline 0.003 -27"><span class='ocrx_word' id='word_1_238' title='bbox 163 3679 283 3759; x_wconf 87' lang='lat' dir='ltr'>horum</span> <span class='ocrx_word' id='word_1_239' title='bbox 299 3701 416 3778; x_wconf 89' lang='lat' dir='ltr'>regum</span> <span class='ocrx_word' id='word_1_240' title='bbox 425 3679 510 3753; x_wconf 90' lang='lat' dir='ltr'>odio</span> <span class='ocrx_word' id='word_1_241' title='bbox 524 3679 554 3779; x_wconf 84' lang='lat' dir='ltr'>se</span> <span class='ocrx_word' id='word_1_242' title='bbox 567 3703 643 3754; x_wconf 86' lang='lat' dir='ltr'>cum</span> <span class='ocrx_word' id='word_1_243' title='bbox 654 3679 752 3754; x_wconf 80' lang='lat' dir='ltr'>bonis</span> <span class='ocrx_word' id='word_1_244' title='bbox 764 3679 981 3778; x_wconf 78' lang='lat' dir='ltr'>coniungunt.</span> <span class='ocrx_word' id='word_1_245' title='bbox 994 3683 1125 3780; x_wconf 79' lang='lat' dir='ltr'>Pompe·</span> 
     </span>
    </p>
   </div>
   <div class='ocr_carea' id='block_1_3' title="bbox 0 0 1179 4238">
    <p class='ocr_par' dir='ltr' id='par_1_6' title="bbox 0 0 1179 4238">
     <span class='ocr_line' id='line_1_33' title="bbox 0 0 1179 4238; baseline 0 0"><span class='ocrx_word' id='word_1_246' title='bbox 0 0 1179 4238; x_wconf 95' lang='lat' dir='ltr'> </span> 
     </span>
    </p>
   </div>
  </div>
 </body>
</html>
