2348 4238
197 230 201 239 '
336 170 777 302 ’trn'elt'trss
866 212 870 219 ¹
984 249 1058 334 '191'

88 380 274 466 iuvenum
291 368 360 463 h'oc
378 408 490 463 tamen
518 411 589 461 non
610 412 701 488 queo
721 374 866 465 differre.
888 384 935 465 ld.
961 395 1060 470 Maiis

92 501 221 575 senatus
234 499 390 598 frequens
396 507 409 591 ,'
421 497 628 579 divinus‘fuit
641 499 676 570 in
695 497 936 597 'supplicatione
955 503 1060 577 Gabi·

93 612 150 682 uio
165 609 371 709 deneganda.
388 608 519 681 adiurat
543 607 705 680 Procilius
727 607 796 682 hoe
817 609 941 682 nemini
966 611 1078 685 acci·¹

94 719 186 793 diffe.
208 722 304 794 foris
316 720 412 795 valde
427 718 603 817 plauditur.
616 717 703 791 Mihi
714 702 791 792 cum
804 719 861 792 sua
875 720 992 818 sponte
1007 723 1059 796 iu·

93 830 264 921 cundum,
275 827 662 926 tum‘iucundius,quod
676 851 730 899 me
741 828 899 928 absente(
910 829 957 903 est
969 832 1060 905 euim

93 966 240 1039 arnugum
264 939 425 1020 iudicium
451 934 469 1036 )
493 937 563 1010 stne
580 920 849 1034 oppugnatione,
869 939 937 1011 line
956 942 1060 1038 gratia

94 1049 213 1121 nolim.
234 1072 325 1122 eram
347 1047 448 1121 Antii.
474 1046 580 1140 Quod
599 1045 710 1119 Idibus
723 1064 757 1118 et
773 1045 932 1145 postridie
947 1049 1053 1125 suerat

94 1158 240 1248 diuum,
251 1159 294 1232 de
307 1181 388 1256 agro
405 1157 581 1253 Campano
597 1155 702 1227 allum
717 1153 776 1243 iri,
791 1179 859 1226 non
875 1154 1056 1234 estodium

96 1276 131 1345 ln
146 1271 211 1347 hac
227 1273 323 1346 causa
337 1270 422 1344 mihi
439 1294 524 1370 aqua
538 1268 661 1341 haeret.
675 1266 739 1340 Sed
757 1267 850 1364 plura
863 1292 961 1366 quam
974 1294 1059 1343 con·

98 1383 276 1459 stitueram.
298 1370 413 1460 corum
440 1383 539 1456 enim.
556 1381 663 1471 Vale,
684 1381 733 1452 mi
752 1381 881 1476 optime
904 1399 938 1454 et
959 1401 1057 1479 opta·

97 1495 216 1570 tiffime
225 1494 345 1584 stater,
359 1515 392 1567 et
402 1493 532 1598 advola.
544 1493 634 1565 Idem
645 1508 679 1564 te
694 1488 799 1564 nostri
810 1510 930 1598 rogent
939 1497 1059 1593 pueri:
1096 1483 1132 1600 “q

97 1601 175 1677 illud
186 1603 312 1678 scilicet
323 1659 334 1694 ‚
347 1602 504 1681 coenabis
518 1627 595 1684 cum
609 1601 751 1676 veneris.

187 1777 189 1781 ·
259 1754 831 1857 murmurarunt
867 1759 923 1831 s:

96 1885 174 1969 Quid
189 1909 255 1950 cum
265 1867 399 1970 Pompeio
411 1888 443 1949 &
453 1886 550 1952 Craffo
564 1887 640 1952 Coss.
650 1889 684 1950 de
695 1888 822 1969 operibus
835 1887 867 1949 δι
877 1889 1059 1974 inscriptioni..

131 2000 184 2061 pus
209 1980 313 2061 egerit,
330 1977 395 2060 quid
421 1977 581 2059 profecerit,
598 1979 630 2040 &
644 1977 710 2061 quid
728 1980 757 2038 in
777 1976 878 2040 Senatu
897 1979 989 2042 adium
1005 1981 1037 2044 su
1047 2008 1065 2056 ‚⁴

130 2068 283 2154 perseribiu
303 2069 388 2129 Anno
406 2066 446 2130 U.
465 2064 501 2129 C.
521 2065 589 2150 698.
760 2079 761 2084 ’
820 2085 823 2088 ’

101 2310 127 2381 9.
144 2185 500 2407 PLACITURUM
520 2279 580 2353 tibi
602 2254 667 2354 else
686 2281 807 2356 librum
828 2309 941 2359 meum
959 2285 1064 2407 susqq'«

99 2395 209 2466 ubas:
225 2414 294 2468 tam
310 2391 409 2465 valde
422 2392 602 2487 placuisse,
615 2417 713 2489 quam
733 2390 864 2485 scribis,
875 2395 971 2468 valde
984 2423 1065 2496 gau·

92 2496 171 2579 deo.
194 2501 304 2594 Quod
319 2525 373 2572 me
392 2500 552 2574 admones
571 2500 613 2589 de
639 2500 750 2573 nostra
770 2502 920 2597 Urania„
932 2502 1064 2578 studes·

94 2630 180 2704 que,
192 2629 233 2681 ut
246 2607 453 2680 meminerim
472 2598 563 2681 lovis
579 2607 885 2708 orationem,quae
898 2611 945 2684 est
958 2613 1063 2685 inex·
1137 2643 1144 2653 ’

92 2734 205 2794 tremo
228 2720 288 2792 illo
311 2719 401 2791 libro
417 2744 428 2802 3
446 2744 511 2816 ego
534 2743 620 2793 vero
639 2720 803 2813 memini,
820 2741 854 2796 et
875 2723 931 2796 illa
948 2727 1068 2798 omnia.
1145 2774 1153 2784 κ

88 2829 176 2900 mihi
186 2828 292 2926 magis
303 2825 432 2923 scripsi,
445 2839 545 2924 qu'am
572 2827 699 2900 ceteris.
717 2828 782 2899 Sed
807 2848 919 2903 tamen
940 2831 1064 2929 postri-

85 2937 167 3028 die,
197 2963 299 3036 quam
323 2957 362 3031 tu
384 2961 420 3025 es
436 2936 633 3034 profellus,v
649 2936 755 3008 multa
777 2941 874 3012 node
897 2964 973 3011 cum
998 2940 1063 3011 Vi«

83 3043 199 3125 bullio
221 3049 302 3122 veni
320 3050 362 3121 ad
381 3050 591 3146 Pompeium.
613 3050 768 3146 Cumque
783 3073 847 3147 ego
862 3050 994 3148 egissem
1020 3052 1063 3126 de

82 3150 156 3234 istis
185 3159 466 3256 operibus'atque
494 3156 786 3252 inscriptionibus,
812 3182 872 3254 per
899 3159 982 3231 mihi
1002 3160 1064 3232 be·

82 3272 193 3370 nigne
208 3266 379 3363 respondit
394 3293 404 3337 ε
420 3289 574 3367 magnam
592 3265 683 3362 spem
704 3265 822 3355 attulit.
841 3292 919 3340 cum
944 3267 1064 3341 Crasso

82 3376 225 3457 redixit
244 3377 341 3476 loqui
358 3377 445 3450 velle
456 3403 469 3463 3
482 3377 632 3476 mihique
649 3398 687 3450 ut
698 3377 787 3451 idem
805 3378 947 3452 facerem
962 3433 974 3470 ,
988 3379 1065 3452 fua·

82 3484 137 3564 fit.
152 3487 309 3561 Crassum
322 3487 492 3561 consulem
502 3492 545 3559 'ex
558 3489 669 3561 senatu
684 3491 824 3562 domum
839 3490 958 3564 reduxi
972 3517 987 3562 ι·
997 3490 1066 3565 sus-

82 3599 184 3698 cepit
198 3622 296 3684 rem;
312 3597 463 3696 dixitque
476 3596 560 3687 elle,
575 3598 668 3697 quod
696 3599 836 3671 Clodius
847 3600 914 3673 hoc
928 3618 1065 3699 tempo·

82 3729 130 3788 re
151 3729 295 3811 cuperet
309 3708 439 3809 perse,
452 3729 487 3784 et
503 3735 562 3809 per
577 3704 781 3809 Pompeium
801 3712 981 3812 consequi:
1002 3738 1066 3820 pu·
