2348 4238
196 142 267 239 aas
339 142 659 233 mnromnun
683 144 751 219 nn
776 120 821 243 Q.
840 148 1054 225 ramum

194 305 271 407 illa,
292 304 582 394 utco'nstituebas',
606 306 748 379 addere:
773 332 979 408 quamquam
1003 341 1044 388 ea

193 441 282 513 quae
303 440 392 488 nunc
411 410 477 502 esi,
509 423 666 508 tanquam
695 413 893 512 philosopha
912 418 1050 493 videtur

193 550 281 623 quae
295 524 448 621 obiurget
461 540 641 597 ceterarum
657 522 813 597 villarum
827 526 999 613 insaniam.
1017 536 1054 602 Vr

193 655 307 713 tamen
321 635 403 710 illud
423 635 571 709 additum
584 631 767 709 delectabit.
792 637 995 735 Topiarium
1010 642 1054 714 lar

97 820 102 829 ,
194 744 242 819 ita
255 743 370 817 omnia
388 740 552 815 convestit
569 742 717 833 hedera,
738 768 805 843 qua
825 744 929 818 bafim
946 747 1047 821 villae

172 892 175 897 ·
194 851 451 935 intercolumnia
465 848 721 938 ambulationis3
749 870 786 925 ut
799 853 946 954 deniqne
962 856 1013 929 illi
1039 884 1054 955 p

193 960 374 1059 topiariam
384 956 494 1031 facere
507 957 695 1048 videantur,
706 979 740 1031 et
753 959 910 1033 hederam
921 964 1054 1037 vender

196 1085 385 1165 consumpto
395 1069 477 1142 nihil
489 1066 603 1158 alfius,
615 1067 698 1141 nihil
713 1069 901 1146 muscofius.
916 1073 1033 1149 Habes
1046 1082 1054 1145 s

49 1190 58 1215 ¹
76 1251 80 1272 ‚
194 1180 292 1259 rebus
307 1177 443 1253 rusticis⁴
456 1176 626 1250 Urbanam
639 1179 884 1274 expolitionem
900 1202 1002 1276 urget
1017 1182 1054 1255 ill

195 1274 317 1365 demet
328 1287 544 1375 Philotimus,
558 1304 592 1359 et
604 1287 762 1361 Cincius:
777 1287 945 1361 sedetiam
959 1291 1054 1387 ipse<

195 1400 384 1486 intervis03
408 1398 502 1496 quod
516 1394 564 1470 est
577 1396 782 1474 facilefastu.
813 1401 1054 1492 Quamobrem

196 1536 275 1597 cura
292 1508 467 1581 liberatum
481 1505 573 1583 volo.
602 1507 643 1580 de
667 1510 834 1583 Cicerone
852 1509 950 1606 quod
964 1511 1054 1585 mes

193 1647 320 1721 rogas,
340 1619 477 1720 ignosco
494 1621 651 1719 equidem
676 1624 755 1713 tibi,
780 1619 836 1696 sed
859 1642 897 1695 tu
915 1650 1054 1723 quoque

200 1730 301 1805 uelim
310 1729 471 1829 ignoscas
482 1756 553 1805 non
571 1730 659 1803 enim
669 1732 826 1804 concedo
835 1730 920 1822 tibi,
938 1734 1015 1830 plus
1027 1758 1054 1805 ur

195 1867 306 1932 ames,
328 1866 429 1940 quarn
450 1840 519 1939 ipse
540 1865 628 1913 arno.
662 1847 769 1939 Atque
782 1841 911 1915 utinam
933 1842 986 1915 his
1001 1844 1054 1917 die

197 1952 375 2048 Arpinati,
395 1952 489 2048 quod
504 1968 538 2023 et
550 1949 626 2049 ipse.
637 1950 805 2047 cupierat,
822 1972 855 2023 et
873 1974 941 2050 ego
960 1977 1054 2025 noni

196 2085 331 2157 mecum
346 2059 465 2133 suiffet.
481 2060 586 2154 Quod
599 2061 643 2132 ad
652 2061 894 2157 Pomponiam,
907 2063 931 2135 sr
942 2065 1007 2138 tibi
1018 2064 1055 2139 vi

195 2170 317 2243 scribas
339 2168 452 2242 velim.
475 2195 552 2242 cunr
568 2169 687 2265 ,aliquo
707 2170 896 2258 exibimus,
917 2192 972 2244 eat
988 2176 1054 2246 nob

196 2303 404 2377 puerumque
416 2279 701 2372 ducatclarnores
718 2278 858 2349 efficiam
874 2331 885 2367 ,
902 2279 1019 2352 ficum
1035 2308 1054 2353 n

197 2389 345 2477 habuero
364 2385 523 2473 otiosum⁸¹
535 2411 611 2459 nam
625 2388 756 2457 Rornae
768 2386 949 2481 respirandi
968 2412 1054 2460 noni

197 2525 267 2575 cus.
283 2501 322 2572 ld
335 2526 390 2572 me
405 2499 466 2573 scis
481 2519 574 2573 antea
587 2499 686 2596 gratis
700 2497 839 2570 tibieffe
855 2486 1054 2592 pollicitum.

200 2633 291 2697 punc
305 2626 422 2704 putas,
443 2627 533 2681 tanta
552 2609 610 2681 abs
636 2627 668 2680 te
694 2606 778 2679 mihi
801 2607 956 2679 mercede
972 2635 1054 2706 prop

199 2720 312 2792 Venio
334 2743 423 2790 nunc
442 2719 486 2791 ad
507 2741 577 2793 tuas
591 2719 727 2808 literas,
754 2718 834 2816 quas
857 2719 1008 2814 pluribus
1023 2748 1054 2819 ep

165 2843 167 2847 ’
196 2829 333 2926 accepi,
348 2829 426 2902 dum
440 2829 511 2903 sum
526 2831 562 2919 in
575 2831 734 2926 Arpinati.
760 2856 836 2901 nam
854 2832 936 2903 mihi
949 2860 1023 2908 uno
1038 2839 1054 2907 c

197 2938 273 3011 sunt
287 2938 454 3025 redditae,
467 2957 501 3012 et
515 2939 649 3038 quidem
663 2994 673 3029 ,
692 2960 728 3012 ut
740 2941 958 3032 videbantur,
974 2946 1054 3018 eode

199 3070 233 3137 te
246 3049 339 3120 datae
352 3066 523 3146 tempore:
546 3075 612 3122 una
629 3051 776 3146 pluribus
791 3052 922 3141 verbis,
950 3053 988 3123 in
1009 3080 1054 3150 qu

198 3185 292 3232 mum
302 3176 391 3249 erat,
402 3161 498 3257 quod
509 3160 677 3257 antiquior
691 3159 803 3230 diesin
813 3158 995 3232 tuissuiffet
1009 3163 1051 3233 ad

196 3270 326 3359 literis,
351 3296 450 3365 quarn
472 3271 508 3343 in
530 3269 686 3342 Caesaris.
709 3269 745 3340 ld
770 3267 849 3339 facit
862 3270 997 3365 Oppius
1011 3296 1054 3342 nc

198 3407 301 3478 quam
322 3378 528 3468 necessario,
551 3401 609 3464 ut,
637 3404 714 3450 cum
742 3379 930 3450 tabellarios
958 3382 1054 3453 const

199 3490 356 3579 mittere,
376 3489 550 3588 literasque
568 3489 698 3560 anobis
716 3491 904 3585 acceperit,
930 3490 1040 3588 aliqua

200 3624 244 3675 ra
255 3597 453 3698 impediatur
464 3651 478 3698 ,
490 3616 525 3680 et
536 3596 717 3679 necessario
731 3599 851 3695 scrius,
867 3625 968 3700 quam
989 3626 1054 3676 con

86 3882 200 3936 Α
