2348 4238
176 255 221 330 26
319 218 640 366 aarsroarnon
669 255 736 328 an
759 226 975 328 armenia

173 418 273 505 villa,
296 419 389 490 cuius
410 414 621 489 insulsitatem
642 417 727 492 bene
750 438 889 506 noram,
906 416 1010 491 video
1033 414 1145 508 nihil‚'

174 545 239 623 aut¹
252 551 356 624 pauca
377 535 511 597 mutata.
538 524 704 597 balnearia
724 543 834 599 tamen
856 527 964 599 laudat
986 525 1143 614 maiora3

173 640 216 712 de
231 638 417 710 minoribus
432 637 477 709 ait
490 636 626 709 hiberna
640 638 726 712 effici
740 637 842 737 polle.
857 641 941 711 retia
958 636 1060 735 igliur
1070 664 1143 710 am-

173 751 398 839 bulatiuncula
415 749 564 822 addenda
578 750 642 833 est3
664 741 762 849 quani
776 771 812 823 ut
824 767 947 822 tantam
965 748 1143 838 faciamus,

172 878 329 958 quantam
340 861 375 930 in
383 858 575 945 Tusculano
586 858 748 946 fecimus,
758 882 865 955 prope
875 857 1016 929 dimidio
1029 855 1143 928 mino·

106 970 115 985 '
169 972 215 1044 ris
229 970 390 1045 constabit
404 970 468 1043 isto
481 970 570 1044 loco.
597 962 639 1042 ad
654 970 689 1042 id
704 986 835 1058 autem,
849 968 942 1065 quod
957 967 1137 1056 volumus,

77 1155 81 1163 .
168 1095 335 1174 αφιὸςυμα,
362 1081 445 1154 nihil
471 1082 577 1179 aptius
600 1080 753 1172 videtur,
777 1080 1012 1177 maniacus,
1035 1104 1139 1175 quem

167 1215 236 1288 ego
255 1216 394 1263 noram:
413 1193 468 1266 sed
493 1190 717 1280 celebritatem
737 1183 860 1263 nullam
881 1207 954 1262 tum
973 1190 1136 1277 habebat;

166 1322 256 1372 nunc
271 1301 373 1374 audio
386 1301 577 1374 maximam.
591 1299 674 1371 nihil
692 1297 759 1389 est,
773 1300 865 1398 quod
879 1324 943 1397 ego
957 1298 1091 1380 malim„
1103 1298 1137 1370 in

165 1407 232 1481 hoc
251 1447 299 1487 τον
315 1445 407 1504 aanor
424 1448 464 1505 μυ
477 1446 548 1504 προς
568 1428 638 1486 beor
658 1409 1064 1506 nmmoaognenifReliquum
1077 1409 1137 1502 est,

54 1518 63 1527 ”
165 1518 190 1591 sr
205 1520 359 1594 Faberius
378 1520 478 1593 nobis
496 1543 622 1591 nornen
641 1519 720 1591 illud
734 1518 898 1615 explicat,
911 1517 982 1589 noli
995 1523 1136 1615 quaere·

165 1652 223 1718 re,
237 1630 361 1727 quanti.
383 1629 558 1702 Othonem
571 1628 686 1702 vincas
698 1629 795 1704 volo.
815 1653 878 1700 nec
888 1645 998 1700 tamen
1014 1627 1136 1700 insani·

164 1755 277 1810 turum
293 1737 387 1810 illum
400 1755 496 1835 puto.
511 1737 604 1810 nolle
616 1737 706 1810 enim
719 1737 801 1811 mihi
811 1738 983 1809 hominem
997 1736 1130 1812 videor.

159 1845 212 1944 ita
230 1847 315 1920 male
334 1835 442 1920 autem
461 1848 562 1920 audio
576 1847 684 1950 ipsum
704 1847 770 1921 elle
793 1849 963 1921 trallatum
976 1901 988 1939 ,
1000 1871 1039 1921 ut
1051 1846 1133 1920 mihi

163 1955 218 2029 ille
231 1973 341 2030 emtor
353 1982 423 2029 non
443 1957 507 2030 else
519 1957 681 2032 videatur.
706 1958 788 2055 quid
805 1957 920 2032 enirn?
936 1956 1128 2055 pateretur?

162 2067 218 2140 sed
229 2054 318 2165 ¹quid
331 2057 568 2165 argumentor?
587 2068 611 2140 fi
627 2068 842 2142 Faberianum
855 2069 1022 2166 explicas,
1035 2093 1127 2141 ema·

163 2203 239 2250 mus
251 2177 308 2251 vel
323 2203 446 2276 magno
459 2202 468 2248 :
481 2178 527 2250 san
541 2181 673 2269 minus,
686 2204 728 2252 ne
740 2205 849 2277 parvo
864 2181 997 2278 quidem
1017 2180 1129 2277 pollu-

162 2313 247 2360 mus.
260 2287 415 2361 Clodiam
431 2288 551 2385 igitur,
566 2315 585 2361 a
599 2313 664 2387 qua
677 2288 745 2386 ipsa
758 2289 804 2361 ob
820 2316 893 2362 eam
910 2291 1039 2364 causam
1056 2291 1128 2389 spe·

160 2423 232 2472 rare
246 2399 386 2489 videor,
402 2400 496 2496 quod
511 2418 545 2472 et
559 2401 666 2472 multo
689 2399 829 2473 minoris
850 2402 941 2493 sunt,
956 2420 990 2476 et
1010 2402 1124 2475 Dola·
1170 2464 1173 2485 ‚

159 2506 265 2579 bellae
278 2531 404 2580 nomen
424 2509 490 2579 iarn
511 2509 702 2606 erqieditum
723 2509 857 2583 videtur
869 2564 880 2600 ,
892 2529 930 2583 ut
946 2510 1046 2584 etiarn
1070 2537 1123 2586 re·
1167 2523 1173 2629 l

159 2615 420 2713 praesentatione
433 2615 614 2689 confidam.
628 2619 684 2689 De
698 2618 805 2692 hortis
819 2620 901 2693 satis.
916 2621 1000 2693 Cras
1014 2620 1071 2693 aut
1079 2641 1124 2712 te,

77 2800 79 2804 a
159 2727 377 2813 autcausam3
391 2751 491 2837 quarn
505 2726 642 2825 quidem
652 2720 798 2802 futuram
813 2729 1036 2805 Faberianam.
1052 2729 1123 2824 sed,
1166 2718 1173 2799 l

157 2835 342 2935 fipoteris.
1170 2846 1173 2881 ²

336 2955 572 3028 emano
619 2920 858 3033 nrrrco
904 2963 936 3035 s

159 3185 215 3260 30.
233 3063 530 3241 CICERONIS
547 3161 720 3260 epistolam
733 3164 793 3237 tibi
805 3165 924 3239 remisi.
954 3169 990 3240 Ο
1003 3184 1037 3242 te
1054 3169 1119 3242 seri
1162 3226 1173 3239 ,

155 3297 248 3363 reum
260 3325 272 3361 ‚
286 3273 343 3369 qui
362 3272 448 3344 illius
468 3274 619 3371 periculis
639 3301 709 3350 non
727 3262 897 3351 morieris!
916 3303 969 3350 me
983 3303 1117 3377 quoque
1170 3298 1173 3369 j

155 3381 294 3456 accusat.
317 3407 389 3455 eam
402 3384 464 3456 tibi
477 3384 647 3483 epistolam
664 3388 827 3462 misrffem.
844 3414 921 3461 nam
935 3389 1025 3461 illam
1040 3391 1119 3463 alte·

28 3588 31 3595 Ι
154 3515 227 3563 ram
242 3492 282 3562 de
296 3495 393 3564 rebus
405 3493 500 3590 gellis
515 3497 637 3568 eodem
657 3499 810 3594 exemplo
828 3495 920 3596 poto.
939 3505 976 3572 ln
988 3503 1116 3575 Cuma·
1168 3510 1173 3567 ῐ

154 3625 236 3672 num
247 3599 346 3673 hodie
355 3603 427 3673 misr
435 3604 646 3678 tabellarium.
658 3609 689 3680 ei
698 3609 775 3681 dedi
785 3612 902 3683 ruas'ad
910 3610 1115 3702 Vestorium,
1136 3614 1140 3618 ’

29 3709 34 3763 ἶ
150 3721 234 3808 quas
257 3709 415 3790 Pharnaci
435 3712 598 3793 dederas.-·
607 3715 843 3823 Commodum
854 3719 904 3795 ad·
917 3737 950 3795 te
963 3719 1112 3797 miseran
1163 3707 1173 3761 ⁴·

59 3904 132 3984 -
601 3899 639 3965 ·
959 3802 1173 4111 l
