2348 4238
99 241 147 317 88
261 248 584 324 EPISTOLARUM
608 249 678 324 AD
702 249 921 324 A'l'l'lCUM

99 434 241 507 quentur.
277 417 350 485 hacc
362 418 470 500 mim,
484 441 564 508 qnae
572 413 705 511 fluunt,
713 415 808 508 past
823 419 980 486 cliuum
999 440 1062 485 non

91 523 174 615 sunt
180 552 196 610 ,⁰
211 527 246 593 in
259 527 456 594 ementiore
464 523 637 616 praestares
650 529 698 594 ad
707 529 878 595 nocendum
891 525 1008 593 labem
1016 525 1060 592 νὶ-
1081 520 1090 559 ⁸

100 648 156 702 rer.
175 636 255 726 quid
261 635 367 726 speres
386 637 422 703 dr
442 637 525 716 illis,
540 635 578 702 in
594 635 808 726 Tusculanum
822 638 869 702 ad
876 633 1038 723 mascribc.

150 741 260 813 Habes
279 742 378 814 Hirtii
390 740 583 839 epistolam:
599 742 655 813 cui
673 740 839 838 rescripfi,
856 740 904 811 nil
922 740 998 813 illos
1012 763 1060 813 ca·

99 848 202 925 lidius
220 851 385 949 cogitare,
399 854 500 950 idque
523 850 734 926 confirmavi.
751 850 818 922 hoc
835 850 1060 946 qutalecunqne

99 953 248 1047 cllet,'te
267 959 351 1042 scire
371 959 484 1033 volui.‘
500 959 681 1058 Oblignata
708 960 774 1031 iam
786 956 926 1054 epistola
950 957 1059 1028 Balbus

100 1069 143 1141 ad
162 1093 236 1157 me,
248 1069 419 1145 Serviliam
435 1071 564 1145 rediille
576 1126 587 1160 ,
600 1071 799 1146 confirmare
823 1093 894 1142 non
912 1066 1058 1142 dilcellu·
1099 1069 1100 1076 ’

100 1202 168 1254 ros.
181 1204 267 1255 nunc
281 1181 435 1283 exspeklo
449 1208 468 1255 a
482 1202 515 1256 te
529 1183 648 1258 literae

98 1444 102 1451 Ι
223 1358 520 1441 CICERO
568 1361 864 1437 ATTICO
914 1363 950 1434 S.

45 1576 53 1593 ¹
102 1582 138 1650 7·
158 1453 440 1644 GRATUM,
457 1556 550 1654 quod
573 1557 655 1629 milri
679 1554 855 1654 epillolas:
876 1581 964 1650 quae
991 1552 1060 1652 qui-

104 1665 179 1737 dem
199 1687 254 1734 me
280 1664 500 1759 delationum,
513 1666 548 1738 in
567 1666 681 1764 primis
705 1666 796 1737 Sexti
819 1666 935 1738 nostri.
959 1666 1063 1751 dices,

103 1774 182 1870 quia
198 1791 231 1846 te
249 1774 359 1847 laudat
369 1777 386 1870 l¹
398 1792 484 1874 puto
500 1779 689 1851 mehercule
705 1776 740 1848 id
763 1801 900 1874 quoque
914 1776 983 1850 else
996 1802 1064 1853 cau·

104 1880 157 1958 sae
169 1907 182 1969 3
194 1880 250 1955 sed
264 1903 374 1959 tamen
387 1889 496 1959 etiam
509 1906 606 1976 ante,
621 1912 719 1986 quam
734 1887 776 1959 ad
793 1911 869 1956 eum
883 1885 998 1957 locum
1011 1882 1066 1956 ve?

106 1994 161 2083 ni,
177 1992 275 2067 valde
290 1993 372 2067 milti
387 1995 537 2094 placebat
554 2022 630 2069 cum
649 1995 759 2068 sensus
774 1995 844 2066 eius
863 1993 905 2064 de
925 1992 1065 2089 republi-

43 2182 47 2191 ,
106 2123 251 2193 canum
264 2103 526 2183 scribendicura.
543 2108 677 2180 Servius
691 2128 774 2178 uero
787 2101 981 2200 pacificator
994 2127 1063 2177 cum

6 2298 10 2306 ,
105 2211 282 2289 librariolo
305 2217 364 2288 suo
385 2215 520 2301 videtur
534 2217 651 2289 obiisse
670 2217 887 2313 legationem,
907 2234 941 2286 et
956 2236 1066 2284 omnes

56 2360 58 2365 ¹
109 2327 333 2422 captiunculas
348 2329 588 2423 pertimescere.
622 2329 780 2400 debuerat
801 2345 927 2413 autem,
947 2349 1012 2394 non
1033 2351 1065 2397 cx

109 2436 175 2509 intr
194 2465 292 2510 manu
314 2429 507 2534 consertum
529 2439 585 2512 sed
601 2463 685 2539 quae
701 2437 893 2535 lequuntur.
917 2436 976 2508 Tu
988 2457 1065 2530 quo·

108 2571 175 2646 que
200 2544 333 2623 scribes,
370 2633 373 2638 ,

204 2825 209 2835 ,
289 2744 529 2817 CICERO
580 2741 824 2817 ATTICO
873 2739 905 2811 5.

113 2937 145 3009 8.
165 2838 327 3014 POST
340 2956 433 3011 tuum
449 2938 619 3012 discellum
632 2938 723 3009 binas
740 2962 758 3007 a
781 2935 882 3006 Balbo
893 2959 903 3020 ;
916 2932 999 3006 nihil
1013 2957 1066 3004 no·

110 3049 148 3120 'vi
165 3076 174 3120 :
191 3052 337 3143 itemque
351 3051 391 3122 ab
413 3049 542 3134 Hirtio;
557 3047 614 3145 qui
628 3047 660 3120 se
675 3040 785 3120 scriliit
798 3045 1014 3117 vehementer
1025 3039 1066 3112 of·

111 3158 238 3233 sensum
260 3160 326 3233 ell'e
352 3162 528 3233 veteranis.
557 3157 722 3255 exspellat
751 3153 897 3236 animus,
918 3153 1066 3251 quidnam

112 3268 206 3367 agam
237 3273 277 3344 de
299 3270 438 3345 Kalend.
466 3271 606 3347 Martiis.
623 3269 693 3340 mili
712 3267 811 3366 igitur
837 3266 1067 3352 Tironem3et

112 3408 192 3456 curn
216 3384 344 3459 Tirone
358 3386 487 3482 plures,
503 3385 624 3481 quibus
640 3382 786 3480 singulm,
800 3400 837 3454 ut
851 3379 997 3477 quidque
1020 3384 1066 3475 acj'

115 3495 240 3570 cidiller
252 3553 264 3583 ,
277 3499 370 3575 dares
383 3499 492 3570 literas·
508 3524 518 3570 t
541 3517 638 3594 atque
662 3496 761 3569 ctiam
777 3494 885 3590 scripsi
906 3494 1066 3587 ad‘Anto·

114 3605 207 3676 nium
222 3605 262 3676 de
275 3607 455 3704 legatione3
467 3599 612 3695 ne,s1'ad
630 3603 840 3676 Dolabellam
855 3601 961 3676 solum
974 3599 1065 3705 scripss

114 3714 217 3790 srss'em
225 3774 239 3808 ,
252 3717 426 3798 irnnrndns
438 3722 544 3792 homo
557 3718 843 3792 commoveretur.
861 3703 957 3814 qrrod
970 3708 1065 3785 autem

12 3882 114 3976 ’ἱ
