2348 4238
47 325 50 332 .
168 252 217 347 84
313 254 636 330 remorrrun
672 251 743 327 ro
773 234 1014 328 rmrcun'

165 434 225 508 te,
248 443 334 516 quae
358 444 428 492 non
452 443 561 508 ames,
587 417 701 489 omnia
722 417 880 491 videntur
907 411 1143 494 insulsefieri.'

67 582 78 598 .
161 528 297 624 scripsi
288 549 355 618 rra,
368 546 466 603 utre
483 528 701 624 probaturum
728 525 922 599 existimem.
942 526 1028 599 mihi
1051 528 1137 601 duas

164 664 185 712 a
204 658 239 714 te
252 638 404 738 epistolas
418 638 582 726 reddidit,
603 661 704 707 unam
721 656 781 726 xr,
804 635 938 708 alteram
960 662 994 709 x.
1015 637 1060 707 ad
1080 660 1133 710 re·

71 734 80 761 ⁹
161 751 349 825 centiorem
362 748 462 846 prius.
454 751 519 836 .Et
540 745 651 845 legio?
673 770 745 818 rem
761 746 871 819 laudo
890 746 1012 827 ἤνετο
1027 731 1132 821 etiani

162 856 361 932 Carstdenus
375 907 395 950 ,
404 896 461 935 arro
477 893 628 950 ποτιμων.
642 857 782 929 Antonii
792 852 925 933 consrlia
938 882 1051 931 narras
1060 875 1130 929 tur·

163 971 320 1044 bucata:
342 987 442 1066 atque
467 969 594 1041 utinam
620 969 730 1066 potius
760 995 819 1065 per
841 972 1007 1067 populum
1030 992 1128 1072 agat,

163 1107 265 1180 quam
291 1104 353 1178 per
371 1076 549 1169 senatum!
582 1078 675 1176 quod
693 1078 830 1174 quidem
850 1078 895 1151 ita
920 1081 1037 1155 eredo.
1073 1084 1126 1158 sed

121 1253 123 1259 ,
162 1187 246 1262 mihi
259 1203 367 1262 totum
391 1185 460 1258 eius
484 1184 657 1262 confilium
677 1188 719 1259 ad
743 1188 865 1263 bellum
878 1189 1020 1286 spesiare
1034 1194 1126 1268 vide·

161 1314 243 1390 tur,
269 1296 442 1396 siquidem
464 1295 512 1367 D.
535 1295 639 1368 Bruto
664 1297 841 1393 provincia
862 1298 1011 1393 eripitur.
1037 1327 1124 1399 quo·

162 1435 236 1511 quo
248 1410 353 1482 modo
375 1431 439 1506 ego
449 1408 495 1499 ¹de
505 1407 591 1480 illius
609 1409 723 1484 nervis
745 1409 928 1497 existimo,
948 1437 1021 1485 non
1036 1415 1126 1509 videe

162 1545 218 1601 rur
236 1520 310 1602 fieri
324 1519 418 1616 posse
440 1517 506 1590 fine
521 1519 619 1590 bello.
647 1518 702 1590 sed
725 1514 794 1590 non
816 1520 943 1615 cupio,
964 1522 1121 1618 quoniam

163 1647 302 1706 cavetur
321 1625 512 1700 Buthrotiis.
533 1625 649 1700 rides?
674 1626 722 1700 ast
741 1629 934 1718 condoleo,
960 1655 1033 1702 non
1055 1655 1121 1717 mea

162 1741 278 1840 potius
298 1737 500 1827 affiduitate,
520 1735 713 1835 diligentia,
736 1739 840 1837 gratia
859 1683 988 1836 persici.
1022 1739 1166 1847 Quod

162 1848 276 1927 scribis
293 1869 326 1920 te
344 1846 495 1937 nescire,
510 1847 598 1944 quid
616 1847 735 1921 nostris
763 1844 954 1922 faciundum
977 1851 1040 1937 s1t;
1060 1853 1166 1922 iam}

162 1960 292 2068 pridem
322 1983 376 2031 me
395 1957 449 2029 illa
467 1995 576 2053 unum
606 1956 764 2030 sollicitat.
805 1957 917 2054 iraque
940 1958 1070 2032 stulta
1061 1985 1121 2032 ram

163 2058 280 2152 Iduum
308 2069 504 2140 Martiarum
524 2067 570 2140 est
595 2067 793 2142 consolatio.
825 2069 943 2140 animis
969 2071 1061 2142 enim
1080 2066 1121 2140 usr

163 2178 273 2253 sumus
294 2177 467 2263 virilibus;
491 2177 654 2266 consiliis,
680 2175 762 2252 mihi
790 2176 1120 2272 crede,puerilibus‚

158 2287 268 2360 excisa
288 2287 377 2359 enim
399 2287 445 2358 esi
467 2288 593 2374 arbor,
621 2307 692 2357 non
715 2283 837 2356 evulsa.
865 2286 999 2381 itaque,
1025 2312 1119 2382 quam

160 2393 363 2487 sruticesur,
384 2397 487 2469 vides.
510 2397 682 2468 redeamus
700 2395 820 2492 igitur,
846 2395 1007 2492 quoniam
1033 2395 1120 2490 saepe

51 2520 53 2527 '
162 2503 315 2600 usurpas,
339 2507 380 2576 ad
396 2506 596 2580 Tusculanas
610 2506 854 2603 disputationes.
880 2505 1049 2600 Saufeium
1067 2530 1120 2600 per

34 2642 37 2659 ·
120 2634 122 2637 ’
161 2630 196 2687 te
211 2614 371 2709 celemus,
381 2640 446 2711 ego
465 2643 633 2715 nunquam
646 2614 814 2687 indicabo.
837 2615 942 2706 Quod
959 2634 994 2688 te
1010 2620 1118 2688 aBru·

160 2734 201 2797 to
215 2724 352 2813 scribis,
378 2745 417 2798 ut
433 2729 556 2800 certior
570 2727 679 2813 fieret,
702 2752 773 2824 quo
786 2727 839 2797 die
852 2727 886 2796 in
898 2728 1117 2800 Tusculanum

48 2837 52 2846 ’
162 2833 261 2935 essem
277 2834 427 2922 suturtis;
447 2858 482 2910 ut
494 2840 536 2910 ad
549 2859 582 2912 te
602 2856 676 2910 ante
691 2836 823 2932 scripsi,
843 2858 882 2909 v1
900 2837 975 2908 Kal.
996 2860 1032 2910 et
1049 2836 1120 2934 qui·

161 2943 238 3016 dem
262 2944 309 3016 ibi
337 2967 370 3017 te
395 2972 496 3044 quam
525 2948 670 3043 primum
698 2946 1009 3042 perviderevelim.
1043 2963 1118 3043 puto

159 3053 250 3125 enim
264 3056 362 3126 nobis
375 3057 560 3151 Lanuvium
575 3057 717 3127 eundem
732 3110 743 3143 ,
768 3055 952 3152 etquidem
971 3081 1042 3128 non
1056 3055 1117 3126 srne

160 3165 267 3236 multo
280 3165 441 3240 sermone.
469 3169 525 3240 sed
547 3201 680 3260 pennen.
701 3168 817 3252 Redeo
836 3168 877 3239 ad
897 3168 1116 3262 superiorem:
1161 3238 1166 3265 ⁴

158 3299 201 3346 ex
217 3301 280 3372 qua
294 3298 465 3372 praetereo
480 3281 533 3351 illa
552 3280 658 3373 prima
679 3281 719 3350 de
740 3278 947 3367 Buthrotiis,
967 3304 1050 3375 quae
1062 3277 1117 3347 mi·
1134 3303 1136 3310 ·
1162 3276 1166 3353 ¹:

158 3386 193 3456 hi
210 3387 284 3459 sunt
296 3389 421 3461 rnelusa
436 3390 610 3475 medullis
627 3389 666 3461 srt
678 3391 808 3478 modo
823 3411 860 3461 ut
876 3390 1014 3476 scribis,
1031 3390 1166 3459 locus·

157 3497 285 3597 agendi.
312 3501 367 3571 De
386 3501 538 3587 oratione
564 3501 654 3571 Bruti
678 3499 812 3597 prorsus
832 3498 1025 3587 contendis,
1043 3521 1111 3571 cum
1139 3506 1166 3617 1

74 3641 77 3644 ·
156 3606 283 3711 iterum
291 3628 357 3682 tarn
374 3611 484 3685 multis
497 3613 608 3685 verbis
619 3613 696 3708 agis.
710 3637 818 3708 egone
836 3629 872 3683 ut
885 3636 960 3682 earn
965 3610 1108 3694 causam,

155 3726 266 3817 quam]
280 3722 308 3794 is
310 3722 481 3821 scripsit?
505 3746 569 3822 ego
591 3723 814 3809 scribamnon
835 3740 972 3822 rogatus
993 3723 1035 3795 ab
1049 3723 1109 3795 oo?
