2348 4238
287 244 298 299 .·
392 236 811 327 eruetur,
976 263 1042 343 ης

82 418 187 480 tituta
200 426 210 477 t
222 423 257 478 et
272 404 321 475 ad
343 402 545 492 Labienum,
560 420 593 475 et
605 404 648 474 ad
671 402 845 503 Ligurium
863 400 973 479 literas
992 396 1061 479 da?

82 517 138 590 bo,
175 517 275 588 Hauc
294 513 401 610 scripsi
429 532 503 585 ante
525 508 659 598 lucem,
681 516 728 587 ad·
741 515 968 615 lychnuchum
986 508 1060 616 lig-'
1117 582 1119 587 .

82 626 243 714 nenium,
268 622 327 720 qui
350 622 433 693 mihi
455 639 525 694 erat
544 622 788 719 periucundus,
810 626 904 723 qu'od
927 650 1003 698 eum
1017 647 1051 698 ue

84 737 217 809 aiebant
226 789 239 824 ,
256 759 342 829 eum
361 733 441 807 effes
463 735 572 821 Sami,
586 726 709 807 euraffe
727 730 926 823 faciendum.
942 736 1026 814 Vale
1038 789 1068 831 ,Ι

87 850 135 922 mi
156 847 347 922 suaviffime
367 856 400 924 e't
421 849 549 948 optime
566 847 679 922 frater.

217 1044 471 1124 uinctis
520 1054 566 1146 Q.
613 1047 849 1124 ruitur
898 1054 930 1128 s.

90 1218 139 1290 De
156 1201 282 1291 Caesaiis
303 1224 422 1287 amicitia
441 1226 474 1290 dt
488 1230 613 1289 cautione
634 1229 661 1288 in
676 1222 758 1288 literis
770 1224 865 1290 dandis
881 1230 1054 1298 adhibenda:

132 1322 167 1381 de
183 1319 229 1402 spe
244 1319 461 1382 Candidatorum
480 1321 649 1399 consulatus:
663 1321 698 1383 de
715 1320 874 1384 Didiaturae
888 1326 1005 1399 timore,
1023 1329 1057 1395 dd

116 1413 168 1474 uie
186 1413 299 1474 Milonis
316 1413 393 1476 ludis.
409 1413 495 1475 Anno
512 1414 551 1476 U.
567 1412 603 1475 C
618 1413 685 1496 699.

95 1640 129 1721 8.
147 1545 426 1730 SUPERiORi
448 1635 602 1739 epistolae
627 1639 721 1743 quod
743 1641 980 1744 respondeam,
1001 1650 1058 1724 ni·

94 1753 144 1829 hii
161 1752 228 1837 est3
246 1778 331 1849 quae
345 1752 441 1851 piena
457 1744 617 1831 stomachi
631 1772 664 1829 et
673 1758 886 1853 ¹querelarum
900 1752 947 1834 en
962 1789 970 1833 ε
986 1766 1060 1858 quo

94 1868 131 1941 in
153 1891 276 1966 genere
297 1862 432 1938 alteram
454 1885 591 1962 quoque
613 1881 646 1939 te
669 1860 781 1940 seribis
803 1869 914 1965 pridie
937 1867 1061 1947 Labie·

97 2002 145 2050 no
168 1968 316 2063 dedisse,
331 1973 391 2070 qui
414 1972 520 2046 adhuc
543 1998 613 2046 non
637 1992 786 2049 venerat.
811 1968 952 2051 Delevit
970 1979 1062 2053 enim

98 2084 181 2158 mihi
201 2105 339 2155 omnem
360 2074 547 2163 molestiam¹
562 2081 728 2154 recentior
740 2079 891 2178 epistola.
914 2086 1076 2175 Tannuu'

97 2214 186 2270 teet
211 2212 339 2265 moneo
362 2211 396 2265 et
419 2210 530 2290 rogo,
552 2210 590 2264 ut
610 2182 732 2265 inistis
754 2185 934 2285 molestiis,
957 2215 992 2267 et
1015 2196 1064 2269 la·

100 2304 257 2387 boribus,
274 2322 307 2374 et
328 2296 493 2375 desideriis
511 2300 688 2374 recordere
698 2296 897 2390 ,consilium
914 2301 1066 2379 nostrum

103 2414 198 2525 quod
220 2406 319 2485 fuerit
340 2404 555 2509 profediionis
579 2430 664 2485 tuae.
686 2410 861 2484 nonenim
881 2413 1067 2486 commoda

104 2516 269 2623 quaedam
286 2519 505 2619 sequebamur
527 2540 634 2617 parva
648 2540 686 2592 ac
705 2512 896 2594 medioeria.
920 2522 1014 2614 Quid
1031 2547 1069 2609 eff

106 2636 176 2707 nim
197 2650 286 2724 erat,
312 2631 406 2731 quod
431 2625 568 2703 disceffu
590 2628 706 2704 nostro
730 2628 909 2705 emendum
934 2624 1070 2729 putaie·

107 2732 207 2818 mus?
230 2741 432 2817 Praesidium
450 2738 671 2816 firmissimum
684 2743 876 2840 petebamus
894 2765 936 2815 ex
948 2740 1072 2841 optimi

108 2870 141 2924 et
161 2846 378 2947 potentiffimi
399 2844 464 2923 viri
484 2846 720 2923 benevoientia
736 2848 778 2921 ad
799 2873 936 2920 omnem
952 2846 1073 2922 statum

111 2958 239 3033 nostrae
258 2949 437 3056 dignitatis.
466 2952 563 3028 Plura
585 2974 759 3053 ponuntur
781 2955 816 3025 in
833 2953 911 3049 spe,
926 2978 1026 3051 quam
1038 2956 1075 3028 in

111 3068 279 3169 pecuniis:
293 3060 417 3164 reliqua
426 3066 467 3136 ad
480 3064 637 3136 iadiuram
650 3056 825 3135 struenrur.
839 3059 954 3154 Quare
967 3062 991 3133 sr
1006 3087 1076 3135 cre·

111 3179 175 3252 bro
202 3174 326 3247 reseres
347 3170 497 3245 animum
523 3188 617 3241 tuum
642 3162 686 3239 ad
705 3164 871 3259 rationem
895 3187 931 3242 et
956 3168 1079 3253 veteris
1154 3184 1158 3191 '

113 3282 241 3362 consilii
262 3281 389 3369 nostri,
409 3299 443 3354 et
465 3276 557 3377 spei,
578 3274 705 3351 facilius
727 3274 806 3352 istos
823 3273 958 3353 miiitiae
981 3278 1079 3352 labo·

112 3422 186 3482 res,
211 3412 405 3490 ceteraque,
425 3412 509 3487 quae
530 3404 564 3459 te
586 3383 784 3476 offendunt,
802 3357 887 3460 {ires
899 3413 910 3472 3
924 3402 958 3459 et
971 3405 1082 3463 tamen

114 3532 194 3584 cum
215 3502 331 3593 voles,
349 3498 509 3596 depones.
537 3496 594 3571 sed
617 3491 687 3571 eius
707 3497 756 3569 rei
782 3496 950 3571 maturitas
973 3516 1083 3599 neque

114 3610 198 3691 dum
221 3612 334 3702 venit,
359 3628 393 3682 et
409 3626 519 3682 tamen
545 3604 613 3683 iam'
619 3604 888 3707 appropinquat.
917 3602 1022 3683 Etiam
1043 3610 1085 3682 il-

113 3721 174 3799 lud
198 3740 233 3796 te
258 3722 449 3807 admoneo,
470 3734 512 3788 ne
538 3717 620 3817 quid
646 3709 722 3797 ullis
745 3717 850 3798 literis
873 3720 1088 3812 committas,

165 3825 262 3896 cicer.
279 3822 371 3914 Oper.
396 3821 467 3895 Vol.
488 3818 557 3890 IX.
858 3816 884 3890 P
