2348 4238
100 262 173 332 ²44
367 234 809 315 EPISTOLAE

41 408 44 415 '
99 399 242 491 nis‚vel
255 402 612 500 potentiffimipotius,
626 403 784 503 (quand'o
796 405 933 504 quidem
946 424 1046 503 poten·
1083 425 1086 437 ·

98 517 146 587 tia
169 516 285 587 iamin
299 516 538 612 viposrtaest,
562 536 596 590 et
612 517 764 611 armis,)
787 518 934 606 accidit,
958 539 993 593 ut
1004 544 1053 593 uec

98 650 159 697 mo
177 625 328 697 tribunus
342 625 474 722 plebis,
505 651 608 701 nemo
627 624 694 699 alio
720 626 932 725 magistratu,
964 650 1046 701 neoto

97 736 278 833 privatus,
304 737 428 808 -aullor
463 734 638 810 exfilleret.
679 736 737 809 sed
761 739 799 809 in
826 739 895 813 hac
920 738 1048 813 constan·

97 848 143 919 ria
166 863 267 943 atque
292 845 443 933 virtute,
469 870 540 920 erat
562 864 673 920 tamen
693 847 834 921 sollicita
856 850 983 925 civitas.
1016 847 1047 920 ll·

96 958 245 1031 ludimur
270 958 381 1042 enim,
406 960 532 1046 Brute,
552 982 632 1031 cum
653 959 797 1033 militum
822 962 975 1052 deliciis,
993 979 1047 1033 tum
1081 980 1088 993 ‘'

97 1066 309 1161 imperatoris
319 1066 500 1138 insolentia.
515 1068 663 1139 Tantum
675 1068 818 1166 quisque
829 1067 864 1141 se
876 1069 914 1141 in
927 1065 1049 1166 republi-

98 1197 139 1249 ca
152 1171 246 1269 polle
257 1170 417 1267 postulat,
438 1195 601 1270 quantum
618 1173 718 1246 habet
735 1176 871 1248 virium.
885 1199 954 1247 non
966 1174 1052 1261 ratio,

97 1310 169 1360 non
188 1286 330 1372 modus,
349 1308 419 1355 non
433 1281 506 1370 lex,
525 1308 596 1355 non
611 1308 702 1373 mos,
717 1308 788 1355 non
802 1283 956 1356 officium
969 1285 1049 1358 valet:
1088 1292 1090 1300 '

99 1408 171 1471 uon
185 1396 372 1484 iudicium,
392 1418 461 1465 non
474 1393 674 1467 existimatio
689 1394 840 1484 civium,
868 1421 941 1468 non
960 1393 1050 1494 polle·

99 1509 205 1583 ritatis
225 1507 437 1581 verecundia.
464 1506 556 1578 Haec
570 1530 635 1605 ego
649 1506 757 1578 multo
772 1523 849 1579 ante
865 1506 1049 1604 prospiciens
1088 1560 1091 1598 ÷

98 1619 263 1716 fugiebam
274 1644 315 1690 ex
324 1616 426 1703 ltalia,
439 1640 610 1704 tum,cum
619 1642 674 1688 me
682 1616 871 1689 vestromm
883 1619 1050 1691 edillorun

99 1735 188 1807 fama
202 1729 387 1803 revocavit.
406 1726 584 1799 lucitavisti
600 1751 685 1799 vero
699 1750 735 1801 tu
755 1753 835 1817 me,
854 1728 978 1818 Brute,
996 1732 1051 1799 Ve-

101 1845 174 1916 liae.
192 1864 396 1938 quamquam
421 1838 510 1910 enim
534 1838 712 1923 dolebam,
731 1836 767 1909 in
788 1862 864 1910 eam
882 1864 942 1941 pre
956 1839 1052 1911 urben

100 1959 166 2042 ire,
191 1979 290 2052 quam
311 1975 348 2024 tu
367 1950 521 2048 lugeres,
544 1948 604 2046 qui
627 1974 700 2021 eam
723 1948 952 2039 liberantes,
976 1947 1052 2047 quol
1086 1966 1089 2010 ἰ

100 2067 182 2140 mihi
205 2087 342 2160 quoque
362 2060 532 2158 quondam
557 2058 746 2147 acciderat,
776 2058 932 2154 periculo
952 2058 1053 2145 fimili,
1086 2058 1092 2097 ‘³

100 2176 174 2249 casu
188 2173 350 2254 tristiore;
366 2168 494 2264 perrexi
513 2185 643 2256 tamen,
670 2169 884 2263 Romamque
907 2166 1051 2264 perveni,
1083 2171 1091 2253 J:

100 2286 258 2380 nulloque
275 2279 436 2377 praqstdio
461 2275 624 2372 quatefeci
653 2275 861 2359 Antonium
887 2295 1051 2371 contraque
1085 2308 1092 2346 ε

100 2396 169 2464 eius
182 2416 272 2462 arma
284 2385 423 2457 nefanda
433 2437 444 2468 ,
464 2383 638 2478 praesidia,
656 2409 741 2480 quae
756 2384 869 2454 oblata
884 2384 1051 2473 sunt,Cae·
1084 2422 1093 2459 n

101 2501 181 2573 suris
201 2497 402 2570 consiliunt
424 2491 617 2562 aucloritate
641 2489 784 2563 firmavi.
822 2492 882 2589 qui
907 2489 1051 2564 silleterit
1084 2534 1093 2570 ¹.

99 2611 188 2680 idem
197 2661 206 2695 ,
222 2606 369 2699 mihique
377 2601 519 2696 paruerit
534 2625 543 2680 3
560 2600 633 2670 satis
645 2600 800 2672 videmur
815 2601 960 2674 habituri
974 2624 1048 2698 prae·
1085 2620 1093 2683 »ζ

101 2720 182 2792 sulii.
208 2719 255 2788 sm
281 2734 389 2786 autem
416 2712 598 2807 impiorum
626 2711 760 2783 confilia
785 2711 860 2807 plus
884 2712 1048 2793 valuerint,
1085 2762 1090 2797 :

101 2855 202 2932 quam
217 2825 348 2908 nostra3
371 2843 427 2895 aut
449 2821 654 2893 imbecillitas
683 2821 797 2893 aetatis
823 2847 896 2894 nou
924 2822 1049 2919 potuerit
1083 2868 1093 2906 ἦ

101 2941 295 3039 gravitatem
323 2959 432 3005 rerum
456 2930 635 3016 sustinere;
662 2932 733 3027 spes
754 2933 866 3004 omnis
896 2933 944 3007 est
964 2934 996 3005 in
1020 2951 1049 3002 te.
1083 2978 1093 3019 ι,

102 3058 213 3145 Quam
228 3053 356 3120 obrem
371 3045 510 3132 advola,
529 3043 691 3130 obsecr0‚
705 3065 804 3140 atque
820 3069 895 3116 eam
910 3044 1049 3141 rempub·
1084 3095 1094 3132 r.

101 3165 223 3246 licam,
245 3184 345 3254 quam
364 3158 505 3243 virtute,
518 3178 616 3249 atque
636 3153 737 3224 animi
755 3156 981 3251 magnitudine
1000 3177 1049 3223 ma·
1085 3205 1094 3253 ;

2 3312 5 3319 ·
101 3274 162 3368 gis,
179 3295 276 3365 quam
292 3267 421 3340 eventis
435 3291 546 3336 rerum
559 3262 714 3350 liberasti,
727 3264 821 3336 exitu
836 3266 950 3337 libera.
960 3264 1048 3335 omnir
1086 3256 1094 3339 ‘,

103 3384 258 3456 omnium
285 3375 463 3450 concursus
484 3378 525 3447 ad
545 3395 578 3447 te
593 3376 720 3448 futurus
730 3376 786 3449 est.
815 3376 963 3448 Hortare
982 3374 1049 3445 iden

102 3515 162 3592 per
176 3493 283 3563 literas
299 3486 455 3561 Caffium.
479 3486 558 3580 Spes
576 3484 735 3556 libertatis
758 3509 946 3581 nusquam,
961 3481 1015 3554 nist
1029 3482 1051 3549 ia
1091 3474 1094 3548 ]

103 3600 292 3675 vestrorum
320 3597 498 3669 castrorum
523 3591 690 3686 praesidiis
702 3591 757 3665 est.
785 3590 1052 3665 Firmosomnino
1093 3654 1095 3658 .

104 3730 137 3784 et
160 3711 258 3785 duces
271 3709 429 3781 habemus
447 3706 488 3776 ab
507 3702 706 3791 occidente,
730 3702 967 3776 et'exercituu
995 3698 1054 3773 llot
