2348 4238
309 258 713 333 ataanxtu.
816 361 821 369 ‚
965 288 1012 360 η

87 444 235 511 emeam,
248 444 327 496 cum
340 424 426 495 Eros
439 421 481 494 ad
495 422 659 494 mevenit.
677 421 732 496 sed
745 420 780 494 in
793 420 865 497 eius
876 423 1013 520 epistola

85 533 129 606 hil
142 553 214 606 erat
228 532 330 620 novi,
345 532 405 604 nist
418 532 603 608 auctionem
618 532 768 605 biduum.
791 531 833 604 ab
844 558 881 606 ea
895 533 1015 631 igitur,

84 669 87 712 r
107 638 222 737 scribis
239 665 249 711 t
274 637 451 728 etvelim‚
472 638 631 721 confedo
648 640 789 737 negotio
810 642 1013 714 Faberiano:

84 775 153 824 aem
168 749 314 848 ‘quidem
333 767 430 846 negat
451 751 535 822 Eros
561 749 676 823 hodie.
704 775 774 825 cras
788 777 895 824 mane
914 767 1017 849 putat.

84 860 290 934 recolendus
306 858 363 933 ed.
384 858 461 933 istae
480 866 590 933 autem
604 892 743 938 aeneam
757 886 827 934 non
840 863 939 960 longe
952 862 1015 935 ab·

83 987 124 1041 int
143 992 163 1040 a
181 969 327 1042 scelere.¹
338 985 394 1056 te,
409 962 585 1063 ut'spero‚
599 969 765 1062 perendie.
789 971 892 1061 Mihi,
905 973 1016 1045 ficun-

83 1099 96 1147 e
113 1092 212 1171 potes
223 1126 235 1164 ,
248 1097 361 1160 erues,
371 1071 430 1171 qui
449 1070 564 1145 decem
578 1072 674 1168 legati
696 1076 866 1149 Mummio
883 1076 1017 1151 fiterint.

83 1186 213 1285 olybius
228 1209 299 1256 non
313 1183 474 1256 nominat.
486 1208 552 1281 ego
569 1182 707 1254 memini
720 1184 879 1258 Albinum
897 1186 1017 1260 consu·

84 1324 166 1392 rem,
180 1315 215 1372 et
227 1300 281 1395 Sp.
293 1295 503 1370 Mummium.
514 1295 636 1368 videor
649 1294 772 1369 audisse
782 1321 825 1370 ex
839 1300 1018 1372 Hortenfio

83 1405 350 1479 'uditanum.·sed
369 1405 404 1478 in
429 1404 565 1477 Libonis
587 1402 715 1493 annali,
738 1425 810 1476 xlv
826 1405 921 1478 annis
940 1405 1018 1502 post

83 1530 185 1586 taetot
194 1510 243 1586 est
255 1511 359 1585 fadus
371 1505 569 1601 Tuditanus,
582 1536 680 1610 quam
692 1498 805 1587 consui
819 1514 1020 1588 Mummius:

83 1646 120 1695 on
137 1623 214 1696 sane
236 1622 384 1718 quadrat.
408 1621 499 1694 Volo
518 1621 661 1718 aliquem
675 1622 879 1721 Olympiae,
893 1640 950 1696 aut
960 1625 1019 1700 ubi

82 1731 178 1824 dum,
188 1766 341 1811 nonarum
355 1764 521 1831 manaym,
535 1755 631 1830 more
646 1732 868 1829 Dicaearchi,
884 1735 1019 1823 familia
1146 1768 1149 1773 ·

82 1869 95 1917 s
113 1867 176 1919 tur.

244 1965 479 2049 CICERO
527 1964 767 2039 ATTICO
815 1967 850 2041 S.

82 2199 109 2248 r.
132 2075 386 2299 QUINTO
407 2169 483 2244 Kai.
501 2137 598 2244 mane
620 2169 734 2270 accepi
753 2195 773 2245 a
790 2171 927 2246 Demea·
945 2170 1022 2250 lites

81 2286 225 2382 upridre
240 2286 349 2373 datas,
362 2308 405 2356 ex
417 2282 539 2381 quibus
555 2305 612 2357 aut
624 2282 748 2370 hodie,
759 2299 815 2356 aut
828 2309 900 2358 cras
911 2302 944 2358 te
956 2302 1021 2357 ex-'

81 2393 200 2468 enare
208 2393 375 2466 deberem.
399 2389 455 2464 sed
463 2392 478 2479 ,'
486 2405 524 2461 ut
537 2389 680 2486 opinor,
691 2389 783 2468 idem
795 2414 877 2487 ego,
890 2390 949 2489 qui
963 2417 1021 2465 ex·

81 2505 166 2576 »etto
178 2525 274 2576 tuum
293 2504 475 2577 adventum
489 2499 673 2590 ‚morabor
685 2518 729 2574 te.
746 2523 817 2571 non
832 2499 921 2571 enim
935 2519 1019 2597 puto

81 2638 118 2686 ,m
141 2614 336 2711 expeditum
355 2612 570 2686 Faberianum
598 2608 770 2708 negotium
791 2607 960 2698 futtuum,
981 2635 1019 2684 e·

81 2723 155 2795 amsi
164 2723 212 2796 est
224 2723 385 2812 futurum,
398 2741 513 2795 utnon
527 2722 644 2795 habeat
658 2720 784 2820 aliquid
797 2713 925 2796 motae.
940 2747 1018 2798 curn

81 2835 178 2911 uteris
193 2837 314 2934 igitur,
325 2835 488 2935 quoniam
505 2833 688 2908 etiamdum
701 2834 788 2908 abes.
800 2830 1020 2923 Dicaearchi,

81 2971 137 3018 ros
152 2944 291 3035 scribis,
311 2945 415 3018 libros
438 2944 514 3016 sane
531 2942 636 3017 velim
649 2943 741 3016 mihi
761 2942 894 3017 mittas:
918 2943 1021 3020 addas

81 3057 148 3128 iam
169 3067 375 3131 araceum.
396 3055 454 3128 De
467 3051 604 3150 epistola
620 3053 663 3126 ad
680 3052 873 3143 Caesarem
891 3084 1021 3143 κεκςιιιι.

80 3194 153 3268 :que
167 3168 205 3241 id
218 3165 345 3263 ipsum,
366 3169 460 3268 quod
485 3165 537 3239 isti
558 3165 652 3240 aiunt
676 3165 770 3238 illum
791 3158 951 3256 scribere,
965 3165 1020 3257 se,

80 3280 113 3354 iti
130 3278 317 3355 constitutis
340 3281 463 3373 rebus,
479 3306 549 3355 non
569 3282 691 3354 ittuum
705 3279 740 3353 in
754 3268 913 3370 Parthos,
930 3281 1022 3356 idem
1111 3354 1115 3367 ,

80 3416 119 3490 go
137 3385 314 3465 suadebam
332 3392 367 3464 in
378 3391 434 3467 illa
446 3391 584 3490 epistola
597 3417 607 3463 ε
622 3391 689 3480 srn,
703 3407 812 3464 utrum
826 3390 961 3481 liberet,
976 3388 1021 3464 fa·

80 3525 130 3574 rte
144 3498 251 3598 poffe,
262 3501 397 3574 audiere
412 3525 476 3585 me.
485 3500 551 3573 hoc
562 3501 652 3573 enim
662 3496 717 3574 ille
730 3499 893 3597 exspectat
900 3500 1022 3574 videli-

80 3625 129 3711 et,
142 3635 252 3707 neque
273 3608 322 3683 est
338 3607 482 3684 fadums
496 3610 700 3710 quidquam,
715 3610 773 3682 nist
788 3609 830 3683 de
846 3636 925 3686 meo
941 3636 1022 3685 con·

79 3716 139 3794 iio.
166 3717 333 3814 obsecro,
347 3717 539 3797 abiicionua
560 3717 641 3814 ista,
658 3735 694 3794 et
713 3716 892 3796 semiliberi
908 3720 1020 3809 saltem
