2348 4238
421 145 429 154 .
851 126 861 169 s
1006 161 1011 172 ,

170 203 238 324 toi
312 245 724 348 pronominum
750 199 965 324 33333333
1071 317 1077 335 ,

166 412 269 510 quid,
287 410 342 484 vel
364 411 457 509 quod
480 408 597 484 Niciae
621 409 781 484 nuntiem.
813 411 887 511 quis
904 411 995 487 enim
1021 411 1112 505 haeej

166 543 206 595 ut
238 518 376 608 scribis,
395 537 469 592 ante
499 520 595 593 nos?
624 546 713 594 nunc
744 519 890 627 dubitare
924 546 1121 625 quemquam·

166 632 386 730 prudentem,
409 629 490 726 quin
517 656 610 703 meus
636 629 788 703 disceffus
810 631 1046 729 desperationis
1063 632 1138 721 stt,-

166 765 238 812 non
260 739 465 837 legationis?
489 741 594 832 Quod
615 741 660 812 ais
675 734 854 829 ,extrema
878 743 1040 839 quaedam
1060 740 1117 813 iam

165 853 321 926 ltomines
348 856 389 927 de
406 855 575 951 republica
596 854 720 952 loqui,
742 870 776 926 et
802 855 861 926 eo's
879 853 1015 952 quidem
1036 852 1120 930 viros

166 965 277 1048 bonos
292 993 301 1038 :
321 990 406 1064 ego,
421 990 489 1065 quo
503 967 556 1038 die
571 953 683 1039 audivi
697 964 787 1037 illum
803 982 984 1064 tyrannum
998 963 1032 1036 in
1047 962 1120 1038 conss

78 1128 82 1135 -
167 1075 353 1150 cioneclari
376 1077 785 1176 rinumvirumappellari,
789 1072 1130 1173 subdiffiderecoe‘pit·

136 1185 281 1304 xpollea
295 1212 379 1260 vero
392 1214 493 1286 quam
506 1205 616 1261 tecum
631 1185 771 1263 Lanuvii
791 1185 890 1273 vidi,
910 1184 1050 1257 nostros
1060 1202 1122 1256 tan·

166 1312 238 1368 tum
253 1295 320 1392 spei
332 1297 451 1370 habere
466 1297 508 1383 ad
527 1296 735 1384 vivendum,
757 1313 917 1404 quantum
932 1292 1143 1390 accepissem,

165 1408 209 1483 ab
233 1410 380 1480 Antonio
395 1406 634 1507 ,desperavi
625 1431 763 1506 itaque,
780 1432 826 1479 nn
816 1400 971 1497 Attice,
996 1406 1120 1481 fortiter

166 1519 234 1591 hoc
254 1519 357 1598 velim
380 1518 545 1615 accipias,
566 1534 604 1590 ut
620 1543 686 1616 ego
709 1516 827 1590 scribo.
845 1541 950 1615 genus
975 1515 1089 1588 illud
1079 1540 1123 1588 rn-

128 1622 129 1626 ¹
167 1647 389 1726 tentus‚quo
401 1629 533 1703 casurus
542 1628 606 1719 est
626 1628 761 1701 foedum
774 1629 900 1719 duces
917 1644 951 1700 et
966 1626 1058 1727 quafi
1072 1627 1123 1701 de

166 1738 355 1812 nuntiatum
365 1740 461 1813 nobis
475 1740 517 1812 ab
530 1726 690 1814 Antonio
705 1765 747 1813 ex
763 1740 825 1812 hac
839 1765 923 1812 naxa
935 1741 1029 1813 exire
1044 1762 1121 1812 con·

88 1850 95 1864 ’
128 1871 139 1878 ··
167 1850 277 1940 ilitui,
293 1876 364 1922 non
385 1855 427 1924 ad
444 1852 576 1952 fugam,
598 1853 653 1927 sed
667 1854 708 1925 ad
726 1853 816 1949 spem
834 1851 953 1925 mortis
976 1850 1141 1950 melioris„

166 1961 249 2038 haec
272 1964 382 2037 omnis
403 1965 500 2063 culpa
527 1964 630 2043 Bruti.
662 1964 856 2065 Pompeium
878 1962 1056 2038 Cartheiae
1077 1985 1123 2034 re·

167 2091 343 2179 ceptum
327 2072 549 2147 scribis.'1am
570 2075 668 2175 igitur
690 2093 804 2179 contra
826 2072 913 2145 hunc
940 2071 1126 2144 exercitum.

167 2199 241 2256 utra
259 2207 339 2279 ergo
362 2182 492 2259 callia?
524 2186 632 2257 media
653 2183 742 2257 enim
764 2183 851 2256 tollit
872 2181 1049 2255 Antonius.
1078 2178 1124 2250 ila

119 2309 124 2317 '
165 2289 322 2381 infirma,
337 2292 556 2365 haecnefaria
572 2292 906 2391 properemusigitur.
922 2288 997 2361 sed
989 2308 1124 2361 ruvame

169 2401 772 2492 consilio,Brtrndisrone‚anPtrteolis
783 2393 1126 2526 Brutusquidemsubi·

167 2529 223 2597 to;
246 2501 299 2584 sed
313 2512 484 2609 sapienter
475 2549 669 2608 πασχωτι.
692 2512 848 2618 quando
841 2509 929 2613 enim
928 2506 1065 2581 illumi
1080 2507 1107 2581 se
1108 2505 1126 2579 d

168 2621 310 2694 humana
323 2616 467 2693 ferenda
495 2637 532 2693 tu
547 2621 615 2717 ipse
639 2647 716 2692 eum
732 2622 846 2695 videre
870 2644 939 2691 non
953 2641 1063 2715 potes
1087 2613 1126 2689 dii
1164 2700 1166 2711 ¹

165 2728 213 2803 illi
234 2747 390 2816 mortuo,
415 2729 471 2824 qui
482 2737 644 2833 unquam
640 2730 860 2803 Buthrotum
854 2728 860 2778 t
876 2730 931 2802 sed
944 2729 1029 2801 aila
1029 2724 1126 2798 milia,

168 2835 382 2926 videamus,
393 2860 476 2934 quae
498 2838 624 2951 agenda
648 2836 721 2910 sm.‘t
742 2838 898 2910 Rationes
925 2833 1060 2933 Erotis,
1075 2831 1125 2906 etfi

96 2953 110 2975 ⁸
167 2947 276 3047 ipsum
298 2937 447 3021 nondum
472 2948 568 3036 vidi,
585 2947 697 3019 tamen
715 2965 747 3020 et
761 2974 802 3019 ex
817 2945 1016 3034 lueremus,
1033 2958 1126 3017 etex

87 3089 126 3141 f.
144 3149 151 3166 .
167 3086 234 3147 eo,
259 3061 351 3161 quod
377 3061 463 3133 Tiro
487 3058 671 3157 cognovit,
707 3042 952 3157 propemodum
977 3056 1123 3155 cognitas
1160 3032 1166 3083 ¹

156 3172 304 3246 ‘habeo
321 3169 492 3243 versuram
518 3167 632 3241 scribis
660 3167 723 3242 elle
751 3167 937 3242 faciendam
964 3167 1121 3240 mensium

168 3284 347 3382 quinque,
374 3280 409 3352 id
434 3279 503 3368 est,
532 3281 573 3350 ad
593 3279 669 3367 Kal.
692 3279 862 3357 Novemb.
891 3279 979 3349 Η-’8
1004 3301 1066 3350 cc:
1095 3276 1125 3347 in

168 3420 243 3468 eam
263 3394 358 3466 diem·
370 3392 487 3465 cadere
501 3414 681 3480 nummos,
701 3389 760 3486 qui
777 3417 796 3462 a
811 3389 941 3482 Quinto
964 3387 1128 3459 debentur.

169 3500 272 3574 velim
287 3500 408 3600 igitur,
423 3496 606 3596 (quoniam
620 3496 707 3570 Tiro
723 3515 818 3593 negat
836 3493 897 3568 ribi
910 3493 1060 3590 placere,
1079 3513 1126 3562 me

47 3654 51 3661 ·
169 3604 239 3682 eius
259 3610 306 3684 rei
326 3609 419 3682 causa
434 3611 577 3682 Romam
591 3609 707 3683 venire
718 3604 755 3706 ‚)
772 3607 842 3679 site
861 3630 898 3676 ea
915 3627 965 3674 res
980 3602 1062 3674 nihil
1076 3596 1124 3672 of·

35 3747 68 3808 j,
169 3707 281 3796 seridet
290 3776 302 3812 ,
313 3721 447 3814 videas,
460 3721 550 3795 unde
565 3719 694 3796 nummi
706 3719 767 3793 sint
781 3742 794 3806 ς
808 3714 889 3790 mihi
903 3712 987 3787 feras
1003 3732 1123 3811 expen-

66 3844 296 4021 η..
444 3887 445 3890 Ν
994 3865 1028 3980 ς
1141 3814 1166 4069 '1
