2348 4238
21 172 174 324 ‚392⁶
299 158 835 330 co'nsott'tto.

70 415 143 489 mus
167 387 359 490 existiman,
377 411 501 485 gratum
522 389 588 478 illis
602 389 697 478 fore,
717 392 805 482 quod
825 387 934 459 nimio
947 382 1053 458 dolore¹

69 498 265 595 cruciemur?
274 499 451 592 praesertim
469 525 542 589 ,eum
562 524 604 567 cx
617 524 650 571 co
669 499 757 567 nilu‘l
773 499 822 567 ad
833 500 906 568 illos
924 499 1033 566 utilite·

72 607 117 676 tis
128 658 139 694 ,
143 605 206 699 sed
216 609 404 699 permultum
427 607 472 675 ad
495 631 555 675 nos
577 607 726 676 dedecoris
746 627 841 696 atque
856 604 1033 673 incommodi

69 737 241 817 permanet
257 716 348 809 Quid
360 716 457 810 igitur
471 743 522 788 cos
534 715 618 809 ipstrs
629 743 650 785 a
663 718 756 787 nobis
769 739 977 809 optaremque
988 741 1035 784 ex·

71 845 169 918 petere
182 823 390 895 arbitremur?
413 825 606 917 nilrilfanc,
619 823 680 923 rifi
689 847 724 896 ut
739 850 789 897 eos
808 825 920 927 illustri
935 849 1037 895 numo·

78 935 126 1033 tia
140 959 177 1000 ac
192 936 398 1007 recordatione
407 938 590 1006 decoremus.
626 1001 646 1037 x

130 1044 243 1115 Nemo
260 1039 313 1116 m'e
336 1045 495 1143 lacrymis
510 1046 667 1132 decoret,

80 1158 129 1230 ait
151 1156 310 1226 Ennius:
631 1231 642 1245 κ
681 1160 687 1169 ’

132 1268 226 1338 Cur?
241 1266 317 1364 quia
336 1265 445 1341 volito
468 1265 568 1341 vivus
587 1291 649 1363 per
664 1289 725 1341 ota
745 1263 873 1339 virum.

83 1378 163 1473 quid
175 1381 274 1473 igitur
289 1379 468 1487 eslcausoc,
485 1380 661 1477 curjlctum
676 1383 901 1470 metymasque
918 1374 1043 1467 recuset-l

85 1490 237 1559 nimirum
254 1516 289 1557 ea
309 1489 430 1583 gloria,
444 1512 540 1579 quarn
552 1487 589 1579 se
607 1488 708 1557 adltuc
721 1487 876 1556 uiuentem
892 1482 1045 1582 offecturum

85 1589 150 1691 cffc'
158 1595 339 1683 confidebat.
365 1597 492 1686 eandem
512 1598 607 1690 igitur
621 1597 658 1665 ob
675 1594 802 1686 causam
824 1594 963 1692 ncrstrum
979 1604 1064 1684 quo-'

87 1731 143 1799 que
159 1700 275 1772 lrtilum
294 1707 423 1775 mortuis
439 1705 595 1800 ingratum
609 1696 822 1804 molestumque
831 1705 907 1794 fore
921 1705 1049 1796 suspice·

88 1838 179 1902 error,
195 1839 249 1882 nec
262 1815 355 1885 aliud
372 1839 422 1884 cos
441 1841 463 1882 a
483 1815 574 1884 uobis
594 1816 764 1908 quidquam
778 1811 936 1908 flagitare
955 1813 1048 1882 creda·

89 1950 177 2011 mus,
187 1951 302 2018 quam,
316 1948 353 1994 ut
365 1926 403 1995 id
413 1924 514 2018 iusum
529 1925 594 1996 illis
605 1978 616 2013 ,
628 1951 690 2018 quo
706 1926 849 1994 maxime
864 1920 1051 2005 deleclamur,

88 2035 273 2105 tribuamus.
292 2035 364 2105 tau
382 2057 484 2106 autem
497 2037 596 2129 gloria
608 2029 711 2121 cst‚&
728 2031 850 2127 affidua
860 2035 985 2100 illorum
994 2033 1051 2099 vit·

90 2146 169 2212 tutis
194 2146 367 2214 recordatio.
392 2171 486 2238 quam
493 2143 531 2238 fi
534 2143 678 2234 sermone
694 2144 937 2232 laudationeque
957 2138 1050 2237 ntrssm

92 2257 297 2325 immortalem
324 2255 433 2350 efficere
453 2258 560 2341 liceat,
579 2256 634 2324 ltoc
648 2279 712 2323 uno
733 2255 920 2321 demortuis
943 2277 999 2319 nos
1014 2251 1057 2316 uel

95 2369 208 2460 optime
219 2366 343 2434 meritos
358 2364 531 2464 existimare
544 2361 718 2462 poffitmus.
744 2363 859 2454 Quid,
872 2363 960 2453 quod
978 2385 1054 2440 eum,

95 2479 151 2570 qui
165 2474 214 2570 stc
228 2478 346 2560 doleat,
360 2497 394 2542 ut
413 2476 536 2543 recreari
549 2473 782 2564 confirmarique
801 2497 867 2540 nort
890 2468 1004 2563 poffit,
1023 2495 1055 2535 ne

96 2584 242 2655 diuinum
269 2585 391 2674 quidem
419 2610 533 2652 momen
556 2585 666 2652 ltorrere
679 2636 690 2669 ,
705 2581 934 2676 stcpimtiffimi
963 2581 1056 2648 laomi-

96 2720 153 2765 rtcs
169 2694 398 2783 prodiderunt?
425 2694 556 2783 impium
587 2716 689 2762 autem
711 2695 772 2794 cst,
785 2693 901 2784 quibus
928 2691 1056 2759 debemus

98 2804 228 2889 omnia,
253 2803 292 2870 iis
311 2800 468 2896 peffimom
485 2802 587 2892 reserrc
606 2805 753 2896 gratiam.
772 2824 881 2870 contra
905 2826 997 2884 uero,
1011 2798 1057 2888 qui

98 2916 220 2985 deorum
239 2913 396 2979 voluntati
418 2934 608 3003 paruerunt,
628 2914 761 3004 nihilque
781 2910 836 3003 se,
857 2914 945 3005 quod
965 2911 1002 2978 ab
1022 2909 1059 2974 il·

98 3025 140 3094 lis
156 3028 235 3093 ultro
254 3021 397 3107 daretur.
417 3021 535 3119 moleste
548 3020 630 3110 ferre
652 3026 904 3107 declaraverunt,
935 3045 982 3088 tos
1002 3043 1060 3086 uon

90 3135 199 3231 firlum
222 3134 356 3204 virentes
370 3133 537 3224 praecipua
555 3136 644 3201 laude
658 3132 784 3199 ornavit
802 3131 1000 3222 antiquitas,
1009 3124 1063 3217 scd

99 3247 195 3315 ctiam
219 3270 233 3309 e
255 3245 323 3312 uita
349 3237 472 3335 cgrtffirs
492 3264 635 3332 perpetuo
658 3243 753 3308 coluit
775 3241 900 3308 honore.
923 3241 1011 3327 idque
1033 3258 1063 3300 eo

91 3352 260 3460 fludicfius
274 3380 311 3421 ac
323 3352 481 3435 libentius,
482 3349 520 3445 fi
527 3377 604 3442 qnos
617 3351 771 3418 intellexit
785 3375 856 3417 eum
871 3351 994 3418 deorum
1004 3346 1062 3413 cul·

103 3490 139 3538 ιιι
153 3464 397 3533 exercitationem
411 3462 535 3529 uirtutis
553 3455 584 3528 ὃ
592 3461 790 3551 praecipuam
810 3458 845 3524 in
861 3461 1007 3543 mortales
1022 3456 1062 3520 be·

105 3573 299 3664 neficcntiam
322 3566 528 3666 coniunxiffc.
545 3569 624 3662 scite
639 3567 791 3662 profetia,
814 3589 849 3636 ut
866 3591 964 3637 cetera
976 3566 1065 3656 fermo

105 3689 225 3761 omnic.
236 3688 312 3783 quid
320 3686 403 3758 enim
416 3685 529 3760 maiori
541 3685 631 3755 laude
643 3683 770 3778 dignum
780 3728 797 3770 ,
808 3705 849 3750 ex
866 3681 1010 3752 omnibus
1023 3701 1065 3745 te·

12 3876 78 3960 ἱ
