2348 4238
356 212 603 353 'trien
662 254 786 336 xvi
980 217 1050 366 ni

84 424 230 535 quisque
249 424 356 511 ‚debet
377 416 486 499 meri:
509 420 652 514 deinde,
674 422 770 496 sime
792 446 882 497 amas
906 422 1054 526 (omitte

83 535 261 634 Atticum)
279 536 437 611 Ciceroni
449 556 528 625 nto,
546 552 649 633 quem
662 534 777 632 quanti
792 534 909 627 samar,
928 556 1007 635 prae
1020 550 1057 612 re

84 646 174 731 soles
187 647 298 737 serre,
316 664 429 723 tomrn
442 647 509 720 hoc
518 646 581 735 da,
605 662 667 737 ur,
690 647 784 744 quod
795 646 924 745 semper
942 646 1057 723 existi·
1120 652 1123 657 ’

84 759 202 845 mavi,
225 774 317 833 nunc
335 759 433 857 plane
444 756 625 855 intelligam
638 810 651 845 ‚
666 774 752 828 mea
769 772 802 831 te
812 758 953 832 mtdtum
965 772 1057 832 ama-¹

85 872 121 943 ri.
144 872 348 946 Buthrotios
374 894 453 945 curn
471 870 592 943 Caesar
608 868 745 943 decreto
767 869 845 961 suo,
873 870 968 970 quod
991 886 1058 970 ego

86 980 268 1080 obsignavi
286 1004 365 1055 cum
378 979 489 1053 multis
502 978 704 1075 amplissimis
714 976 800 1053 ritis
815 1034 826 1069 ,
843 978 1059 1071 liberavisset,
1081 1048 1096 1076 ,

86 1088 344 1191 ostendissetque
354 1091 467 1201 nobis,
478 1088 523 1180 se,
538 1113 615 1162 cunt
629 1088 749 1187 agrarii
760 1113 850 1161 mare
862 1088 1058 1178 nanfiffent,
1131 1068 1136 1081 ¹

85 1202 200 1277 literas·
209 1202 405 1289 missurum,
427 1220 529 1301 quem
544 1200 578 1272 in
591 1220 709 1297 agrurn
723 1200 987 1289 deducerentur3
1000 1226 1059 1277 ac·

85 1310 191 1401 cidit,
207 1330 246 1397 ut
258 1309 370 1385 subito
381 1310 435 1382 ille
447 1307 608 1383 interiret.
621 1308 761 1408 deinde,
774 1310 1059 1407 quemadmodum

83 1436 120 1496 tu
141 1420 231 1511 scis,
254 1418 459 1513 (interfuisti
483 1418 594 1508 enim,
616 1443 695 1491 cum
709 1418 861 1493 consules
884 1435 1060 1519 oporteret

82 1546 126 1605 'ex
156 1529 444 1605 senatusconsulto
471 1528 512 1603 de
539 1529 617 1605 aslis
635 1527 785 1603 Caesaris
801 1529 1002 1630 cognoscere
1016 1524 1058 1629 ,l

82 1650 138 1716 rei
156 1642 203 1714 ab
217 1639 259 1721 iis
273 1642 310 1714 in
328 1638 406 1714 Kal.
427 1644 497 1715 lun.
516 1640 615 1714 dilata
628 1636 687 1715 esl.
715 1641 845 1715 accedit
861 1640 905 1717 ad
917 1640 1061 1717 senatus·

82 1752 283 1829 consultum
295 1752 372 1841 lex,
388 1778 474 1855 qirae
487 1755 553 1826 lata
566 1748 613 1826 esl
624 1752 695 1825 ad.
713 1775 756 1824 ιν
781 1754 873 1827 Non.
885 1756 957 1827 lun.
973 1744 1060 1851 quae

82 1854 145 1942 lex
159 1892 274 1940 earum
288 1891 400 1941 rerum
414 1890 517 1967 ‚quas
526 1864 650 1937 Caesar.
662 1852 841 1956 statuisset,
853 1862 1061 1957 decrevisset,

82 1974 228 2077 egisset,
242 1968 429 2049 consulibus
438 1972 668 2071 cognitionem
680 1971 783 2046 dedit.
806 1970 899 2045 causa
913 1970 1061 2046 Buthro·

82 2088 220 2163 tiorum
233 2086 338 2161 delata
354 2084 402 2162 est
420 2085 462 2160 ad
478 2082 639 2159 consules.
662 2080 833 2158 decretum
847 2080 994 2157 Caesaris
1007 2108 1061 2158 re-

86 2196 234 2271 citatum
255 2196 320 2290 esi,
332 2214 369 2271 et·
383 2194 479 2270 multi
491 2214 659 2292 praeterea
673 2190 772 2265 libelli
784 2190 932 2267 Caesaris
945 2192 1062 2291 prola·
1106 2274 1109 2285 ¹

85 2306 126 2383 ti.
150 2304 319 2382 Consules
331 2302 373 2381 de
386 2304 512 2379 consilii
527 2302 687 2378 sententia
704 2300 926 2377 decreverunt
937 2302 1062 2377 secun-

87 2420 174 2493 dum
190 2408 408 2505 Buthrotios3
422 2414 581 2490 Plancum
597 2414 770 2487 dederunt.
791 2402 892 2484 Nunc
905 2462 916 2501 ,
929 2412 977 2484 mi
989 2414 1061 2486 Ca·

87 2530 189 2629 pito,
203 2527 308 2622 (scio.
319 2525 428 2620 enim,
448 2536 609 2624 quintum
624 2521 774 2618 semper,
785 2518 876 2618 apud
888 2542 970 2609 eos,
983 2522 1062 2620 qni-

88 2639 237 2713 buscum
258 2638 318 2725 fis,
346 2634 440 2734 posse
463 2633 589 2723 soleas,
614 2653 657 2704 eo
680 2629 753 2728 plus
781 2629 870 2728 apud
887 2628 1062 2706 hominem

89 2745 288 2821 facillimum
306 2760 407 2847 utque
430 2744 698 2821 huntunissunum
723 2744 880 2818 Plancum
888 2742 932 2848 ,·)
959 2744 1064 2821 enite‘·

89 2880 154 2949 re,
176 2856 333 2946 elabora,
351 2854 408 2932 vel
421 2859 534 2958 potius
554 2854 740 2947 eblandire,
761 2854 951 2946 effice.‚-'ut
964 2856 1063 2930 Plan·

90 2990 166 3059 cus,
181 2959 284 3066 quern
297 2968 394 3095 suero
403 2968 572 3066 optimum
584 2965 671 3052 esse,
684 2954 723 3037 sit
737 2965 838 3039 etiam
848 2964 969 3037 melior
981 2971 1071 3062 ope·¹
1156 2966 1159 2987 '

89 3092 208 3151 unta·
235 3073 652 3153 ommnot'esltuiusntodi
672 3070 911 3160 videturesse,
934 3089 971 3144 ut
993 3071 1062 3147 stne

90 3182 296 3286 cuiusmodi
308 3186 411 3287 gratia
422 3186 561 3259 Plancio
579 3182 666 3280 ipse,
692 3205 758 3279 pro
780 3178 919 3281 ingenio
932 3195 966 3253 et
982 3204 1063 3277 pm·

90 3294 210 3379 dentis
228 3295 283 3369 san
297 3294 425 3369 nonsit
445 3292 671 3382 dubitaturus,
690 3291 961 3390 quin-decretum
981 3314 1063 3363 con·

92 3402 226 3507 salum,
256 3418 404 3507 quonum
416 3416 450 3475 et
462 3400 542 3499 lege
557 3416 591 3473 et
606 3397 887 3475 senanuconsulto
908 3399 1062 3499 cognitio

92 3528 130 3589 et
142 3511 309 3613 'madiolum
319 3510 383 3585 fuit
398 3558 410 3603 ,
431 3510 617 3595 'conservet
629 3532 641 3592 ς
661 3508 850 3606 praesertim
870 3532 972 3597 cum,
993 3508 1062 3588 hoo

94 3638 220 3723 genere
229 3608 462 3721 cognitionum
476 3616 671 3692 labefactae
683 3666 695 3708 ‚
708 3617 779 3691 asta
791 3618 940 3693 Caesaris
948 3619 984 3697 io
995 3620 1063 3694 du·

92 3726 1063 3831 nimiunnrandemlurtquaemnnodoii‚qun2
