2348 4238
275 256 736 361 Retinens
916 260 1063 357 ns,

100 412 208 504 Quod
230 414 272 486 ad
293 400 349 487 me
369 416 411 488 de
430 416 567 489 Hermia
595 414 732 505 scribis,
764 417 846 489 mihi
877 416 1068 493 mehercule
1079 432 1105 498 4

100 522 199 595 valde
215 522 400 597 -moiestum
419 525 491 599 fiiit‘.
523 527 649 599 Literas
671 526 712 597 ad
728 542 762 600 te
783 552 901 624 parum
924 527 1070 621 fraterne
1145 526 1148 531 ’

101 628 314 728 stripseram:
331 656 411 730 quas
425 633 578 704 oratione
600 632 747 707 Diodoti
757 635 923 725 ,iLiiculli
944 634 1070 725 liberti,¹

99 752 317 833 commotus,
340 732 546 841 de'p'aiiione
562 745 667 818 statim
683 746 777 845 qnod
790 748 977 837 audieram,
1000 750 1071 821 ira-

102 850 469 950 cundiusscripseram,
493 860 527 926 e't
544 856 705 928 revocare
728 854 912 953 cupiebam.
940 858 1071 930 hnictu

100 960 262 1056 epistolae
275 987 345 1036 non
359 962 501 1035 fraterne
515 963 671 1060 scriptae,
685 961 829 1039 fraterne
837 966 944 1039 debes
955 964 1070 1065 ignos-

100 1096 186 1144 cere.
202 1072 469 1163 DeCensorino,
480 1074 647 1162 Antonio,
658 1070 974 1161 CaffioM'Scaevola
982 1076 1100 1149 teab‘

98 1175 137 1249 iis
154 1178 249 1276 diligi
268 1177 328 1279 (ut
346 1178 477 1280 scribis)
492 1183 708 1255 vehementer
720 1180 862 1278 gaudeo
877 1201 987 1264 cetera
999 1182 1070 1255 fue·

99 1304 179 1358 runt
190 1313 226 1359 m
244 1289 361 1361 eadem
370 1289 697 1387 epistolagraviora,
708 1314 812 1387 quam
821 1289 969 1374 vellem,
984 1313 1069 1386 oyem

100 1432 142 1471 sa
142 1432 262 1484 reove,
275 1414 310 1470 et
322 1408 419 1493 απαξ
436 1419 542 1478 &evene
568 1398 771 1473 maioraifla
779 1416 886 1471 erunt
885 1400 997 1472 Meae
1007 1403 1071 1474 ob-

102 1504 311 1607 iurgationes
329 1505 464 1579 fuerunt
485 1509 609 1581 amoris
637 1507 859 1613 plenifflmae,
886 1533 973 1605 quae
996 1510 1071 1586 sunt

104 1612 302 1707 nonnullae,
316 1612 372 1685 sed
388 1628 499 1687 tamen
514 1617 726 1706 mediocres,
747 1634 781 1688 et
803 1640 927 1714 parvae
947 1618 1072 1716 potius.

101 1723 176 1820 Ego
189 1738 224 1793 te
236 1746 409 1820 nunquam
423 1718 512 1794 tilla
502 1750 538 1795 rn
549 1748 584 1794 re
598 1723 733 1820 dignum
745 1724 883 1797 'minima
893 1727 1072 1823 reprehen-

103 1834 197 1909 fione
222 1832 401 1932 putassem,
425 1858 503 1907 cum
516 1855 550 1907 te
563 1834 754 1908 sanstiffime
764 1860 910 1933 gereres,
940 1835 1022 1910 nisi
1013 1837 1072 1909 sni·

102 1950 213 2024 micos
226 1949 351 2033 multos
365 1949 572 2022 haberemus.
579 1938 678 2042 Quae
692 1951 734 2021 ad
748 1970 781 2022 te
791 1949 900 2047 aliqua
913 1949 1071 2022 admoni-

101 2081 267 2135 moneant
277 2059 645 2161 obiurganonescnpsr
660 2060 772 2156 scripse
785 2079 922 2157 propter
932 2059 1072 2156 drhgen-

102 2172 183 2247 tiam
203 2171 365 2260 martionis
381 2197 500 2261 meae,
514 2173 550 2244 in
564 2198 628 2267 qna
645 2191 677 2244 et
689 2198 842 2263 maneo,
854 2191 889 2246 et
901 2171 1070 2262 manebo,

103 2302 148 2372 et,
161 2282 254 2354 idem
268 2280 431 2370 arsacias,
447 2306 517 2352 non
533 2281 683 2353 defistam
695 2306 825 2379 rogare.
835 2281 958 2365 Attalus
973 2281 1072 2376 lphe··

102 2415 222 2465 merrus
238 2392 465 2487 meenmegit,
487 2406 526 2462 ut
540 2390 573 2462 se
586 2410 630 2463 ne·
640 2392 842 2486 impedires,
857 2412 930 2489 quo
950 2390 1073 2479 mium,

102 2499 197 2619 qrrod
208 2498 308 2592 adQ
324 2498 491 2573 Publiceni
500 2498 638 2571 statuam
655 2499 831 2572 decretum
845 2496 896 2572 est
892 2522 1072 2598 ,erogare-

100 2624 175 2681 tor:
188 2606 284 2705 quod
296 2630 363 2703 ego
381 2627 459 2679 teet
477 2630 564 2703 rogo
586 2623 618 2678 et
634 2606 824 2696 adm'oneo,
845 2624 887 2679 'ne
904 2604 1025 2679 talis'
990 2606 1070 2698 vrri,

102 2718 255 2813 tamque,
258 2712 360 2785 nostri
374 2712 559 2804 neceffani,
575 2715 741 2786 honorem
754 2706 860 2786 r'ninui
877 2732 937 2811 p'er
953 2731 1002 2802 te,
1013 2732 1072 2788 aut

103 2821 261 2920 impediri
273 2804 366 2893 velis
382 2824 552 2895 Praeterea
574 2823 696 2918 Aesopi
709 2816 877 2920 tragoedi,
904 2809 1007 2894 nostri
1020 2820 1071 2894 fa·
1051 2850 1087 2923 ⁴.

105 2933 264 3020 minaris,
286 2930 432 3003 Licinius
452 2931 592 3022 servus,
608 2932 668 3004 tibi
689 2954 807 3020 notus,
826 2931 967 3035 arrfirgit7
981 2918 1071 3004 isa-

104 3045 217 3119 thenis
246 3045 334 3140 apud
359 3043 535 3115 Patronem
561 3044 758 3140 Epicureum
784 3067 847 3139 pro
864 3042 971 3112 libero
998 3039 1070 3115 fuit.

104 3154 185 3229 inde
199 3152 237 3225 in
250 3152 358 3224 Asiam
372 3153 476 3226 venit.
489 3151 603 3247 postea
627 3154 720 3225 Plato
739 3151 872 3249 quidam
893 3149 1069 3224 Sardianus

104 3263 309 3361 apionem,
333 3263 391 3360 qui
413 3263 554 3335 Athenis
575 3262 658 3336 solet
674 3261 741 3335 effe
758 3262 925 3349 multum,
954 3278 989 3333 et
1010 3259 1071 3357 qui

102 3392 174 3447 tom
190 3372 328 3445 Athenis
340 3372 470 3463 firerat,
487 3398 564 3446 cum
583 3370 729 3445 Licinius
743 3396 787 3444 eo
801 3369 962 3458 veniffet,
989 3394 1070 3447 cum

101 3508 183 3556 eum
199 3480 380 3579 fugitivum
394 3482 506 3579 postea
517 3482 584 3555 effe
597 3507 638 3554 ex
654 3481 776 3578 Aesopi
795 3481 897 3553 literis
922 3479 1068 3578 cognos-

103 3593 171 3683 set,
186 3589 359 3663 hominem
371 3592 647 3689 comprehendit,
662 3607 695 3663 et
705 3589 740 3661 in
754 3587 937 3661 custodiam
950 3589 1068 3686 Ephesi

101 3697 263 3790 radidit,
281 3698 386 3775 sedin
404 3701 586 3805 publicam,
599 3700 692 3778 enin
707 3696 904 3799 pistrinum,
925 3724 996 3775 non
1014 3700 1066 3775 {a}
