<?xml version="1.0" encoding="UTF-8"?>
<!DOCTYPE html PUBLIC "-//W3C//DTD XHTML 1.0 Transitional//EN"
    "http://www.w3.org/TR/xhtml1/DTD/xhtml1-transitional.dtd">
<html xmlns="http://www.w3.org/1999/xhtml" xml:lang="en" lang="en">
 <head>
  <title>
</title>
<meta http-equiv="Content-Type" content="text/html;charset=utf-8" />
  <meta name='ocr-system' content='tesseract 3.04.00' />
  <meta name='ocr-capabilities' content='ocr_page ocr_carea ocr_par ocr_line ocrx_word'/>
</head>
<body>
  <div class='ocr_page' id='page_1' title='image "./mtulliiciceroni02plutgoog/mtulliiciceroni02plutgoog_0038.png"; bbox 0 0 2348 4238; ppageno 0'>
   <div class='ocr_carea' id='block_1_1' title="bbox 226 201 1056 359">
    <p class='ocr_par' dir='ltr' id='par_1_1' title="bbox 226 201 1056 359">
     <span class='ocr_line' id='line_1_1' title="bbox 226 201 1056 359; baseline -0.001 -24"><span class='ocrx_word' id='word_1_1' title='bbox 226 201 231 215; x_wconf 39' lang='lat'>⁸</span> <span class='ocrx_word' id='word_1_2' title='bbox 385 202 798 335; x_wconf 58' lang='lat' dir='ltr'>trenetur.</span> <span class='ocrx_word' id='word_1_3' title='bbox 1006 240 1056 359; x_wconf 70' lang='lat' dir='ltr'>i,</span> 
     </span>
    </p>
   </div>
   <div class='ocr_carea' id='block_1_2' title="bbox 90 409 1057 1607">
    <p class='ocr_par' dir='ltr' id='par_1_2' title="bbox 90 409 1057 1607">
     <span class='ocr_line' id='line_1_2' title="bbox 93 409 1056 505; baseline -0.007 -1"><span class='ocrx_word' id='word_1_4' title='bbox 93 455 130 505; x_wconf 83' lang='lat' dir='ltr'>et</span> <span class='ocrx_word' id='word_1_5' title='bbox 148 421 333 502; x_wconf 79' lang='lat' dir='ltr'>Hortenfio</span> <span class='ocrx_word' id='word_1_6' title='bbox 350 423 521 498; x_wconf 84' lang='lat' dir='ltr'>audieram</span> <span class='ocrx_word' id='word_1_7' title='bbox 539 409 635 495; x_wconf 73' lang='lat' dir='ltr'>fuisse</span> <span class='ocrx_word' id='word_1_8' title='bbox 649 419 684 494; x_wconf 87' lang='lat' dir='ltr'>in</span> <span class='ocrx_word' id='word_1_9' title='bbox 702 422 818 497; x_wconf 87' lang='lat' dir='ltr'>decem</span> <span class='ocrx_word' id='word_1_10' title='bbox 829 445 840 495; x_wconf 77' lang='lat' dir='ltr'>r</span> <span class='ocrx_word' id='word_1_11' title='bbox 853 435 933 499; x_wconf 81' lang='lat' dir='ltr'>eun</span> <span class='ocrx_word' id='word_1_12' title='bbox 950 421 1056 500; x_wconf 81' lang='lat' dir='ltr'>video</span> 
     </span>
     <span class='ocr_line' id='line_1_3' title="bbox 92 528 1056 631; baseline -0.005 -21"><span class='ocrx_word' id='word_1_13' title='bbox 92 538 122 610; x_wconf 89' lang='lat' dir='ltr'>in</span> <span class='ocrx_word' id='word_1_14' title='bbox 139 536 279 610; x_wconf 87' lang='lat' dir='ltr'>Libonis</span> <span class='ocrx_word' id='word_1_15' title='bbox 296 548 490 631; x_wconf 81' lang='lat' dir='ltr'>praetorem</span> <span class='ocrx_word' id='word_1_16' title='bbox 512 532 548 602; x_wconf 88' lang='grc' dir='ltr'>Ρ.</span> <span class='ocrx_word' id='word_1_17' title='bbox 565 528 732 626; x_wconf 87' lang='lat' dir='ltr'>Popillio,</span> <span class='ocrx_word' id='word_1_18' title='bbox 753 532 789 603; x_wconf 85' lang='lat' dir='ltr'>P.</span> <span class='ocrx_word' id='word_1_19' title='bbox 807 528 945 628; x_wconf 91' lang='lat' dir='ltr'>Rupilio</span> <span class='ocrx_word' id='word_1_20' title='bbox 969 556 1056 605; x_wconf 87' lang='lat' dir='ltr'>con·</span> 
     </span>
     <span class='ocr_line' id='line_1_4' title="bbox 93 636 1053 737; baseline -0.003 -18"><span class='ocrx_word' id='word_1_21' title='bbox 93 646 222 720; x_wconf 89' lang='lat' dir='ltr'>sulibus.</span> <span class='ocrx_word' id='word_1_22' title='bbox 248 643 354 717; x_wconf 79' lang='lat' dir='ltr'>Annis</span> <span class='ocrx_word' id='word_1_23' title='bbox 376 662 449 715; x_wconf 80' lang='lat' dir='ltr'>xlv</span> <span class='ocrx_word' id='word_1_24' title='bbox 470 662 567 730; x_wconf 88' lang='lat' dir='ltr'>ante,</span> <span class='ocrx_word' id='word_1_25' title='bbox 586 662 687 737; x_wconf 85' lang='lat' dir='ltr'>quam</span> <span class='ocrx_word' id='word_1_26' title='bbox 713 659 846 736; x_wconf 89' lang='lat' dir='ltr'>praetor</span> <span class='ocrx_word' id='word_1_27' title='bbox 867 636 1053 736; x_wconf 65' lang='lat' dir='ltr'>faslus‘esl,</span> 
     </span>
     <span class='ocr_line' id='line_1_5' title="bbox 91 747 1055 854; baseline -0.001 -27"><span class='ocrx_word' id='word_1_28' title='bbox 91 755 206 854; x_wconf 73' lang='lat' dir='ltr'>legans</span> <span class='ocrx_word' id='word_1_29' title='bbox 221 751 288 828; x_wconf 85' lang='lat' dir='ltr'>esse</span> <span class='ocrx_word' id='word_1_30' title='bbox 310 748 487 848; x_wconf 64' lang='lat' dir='ltr'>potuisset?</span> <span class='ocrx_word' id='word_1_31' title='bbox 514 747 574 822; x_wconf 86' lang='lat' dir='ltr'>nili</span> <span class='ocrx_word' id='word_1_32' title='bbox 594 747 777 822; x_wconf 86' lang='lat' dir='ltr'>admodum</span> <span class='ocrx_word' id='word_1_33' title='bbox 801 749 877 824; x_wconf 90' lang='lat' dir='ltr'>sero</span> <span class='ocrx_word' id='word_1_34' title='bbox 899 750 1055 850; x_wconf 82' lang='lat' dir='ltr'>quaestor</span> 
     </span>
     <span class='ocr_line' id='line_1_6' title="bbox 91 855 1055 956; baseline 0.003 -21"><span class='ocrx_word' id='word_1_35' title='bbox 91 861 132 936; x_wconf 82' lang='lat' dir='ltr'>est</span> <span class='ocrx_word' id='word_1_36' title='bbox 154 861 278 933; x_wconf 69' lang='lat' dir='ltr'>fadus:</span> <span class='ocrx_word' id='word_1_37' title='bbox 306 856 401 956; x_wconf 90' lang='lat' dir='ltr'>quod</span> <span class='ocrx_word' id='word_1_38' title='bbox 421 880 492 928; x_wconf 89' lang='lat' dir='ltr'>non</span> <span class='ocrx_word' id='word_1_39' title='bbox 513 855 669 930; x_wconf 85' lang='lat' dir='ltr'>arbitror.</span> <span class='ocrx_word' id='word_1_40' title='bbox 691 857 797 930; x_wconf 89' lang='lat' dir='ltr'>video</span> <span class='ocrx_word' id='word_1_41' title='bbox 815 857 905 932; x_wconf 90' lang='lat' dir='ltr'>enim</span> <span class='ocrx_word' id='word_1_42' title='bbox 924 862 1055 938; x_wconf 86' lang='lat' dir='ltr'>curules</span> 
     </span>
     <span class='ocr_line' id='line_1_7' title="bbox 90 963 1057 1067; baseline -0.001 -24"><span class='ocrx_word' id='word_1_43' title='bbox 90 967 290 1067; x_wconf 68' lang='lat' dir='ltr'>magistrdtus</span> <span class='ocrx_word' id='word_1_44' title='bbox 304 988 382 1038; x_wconf 88' lang='lat' dir='ltr'>eum</span> <span class='ocrx_word' id='word_1_45' title='bbox 393 963 553 1062; x_wconf 85' lang='lat' dir='ltr'>legitimis</span> <span class='ocrx_word' id='word_1_46' title='bbox 564 963 659 1037; x_wconf 85' lang='lat' dir='ltr'>annis</span> <span class='ocrx_word' id='word_1_47' title='bbox 673 963 830 1061; x_wconf 86' lang='lat' dir='ltr'>perfacile</span> <span class='ocrx_word' id='word_1_48' title='bbox 841 965 974 1064; x_wconf 84' lang='lat' dir='ltr'>cepiffe.</span> <span class='ocrx_word' id='word_1_49' title='bbox 990 972 1057 1043; x_wconf 56' lang='lat' dir='ltr'>Poe</span> 
     </span>
     <span class='ocr_line' id='line_1_8' title="bbox 91 1072 1055 1165; baseline 0.001 -10"><span class='ocrx_word' id='word_1_50' title='bbox 91 1081 242 1155; x_wconf 83' lang='lat' dir='ltr'>stumium</span> <span class='ocrx_word' id='word_1_51' title='bbox 266 1097 398 1165; x_wconf 84' lang='lat' dir='ltr'>autem,</span> <span class='ocrx_word' id='word_1_52' title='bbox 417 1075 511 1147; x_wconf 88' lang='lat' dir='ltr'>cuius</span> <span class='ocrx_word' id='word_1_53' title='bbox 530 1072 670 1146; x_wconf 81' lang='lat' dir='ltr'>statuam</span> <span class='ocrx_word' id='word_1_54' title='bbox 681 1073 718 1145; x_wconf 91' lang='lat' dir='ltr'>in</span> <span class='ocrx_word' id='word_1_55' title='bbox 732 1073 856 1147; x_wconf 85' lang='lat' dir='ltr'>Isthmo</span> <span class='ocrx_word' id='word_1_56' title='bbox 869 1079 1055 1156; x_wconf 70' lang='lat' dir='ltr'>meminisse</span> 
     </span>
     <span class='ocr_line' id='line_1_9' title="bbox 92 1182 1053 1285; baseline 0 -21"><span class='ocrx_word' id='word_1_57' title='bbox 92 1210 119 1266; x_wconf 88' lang='lat' dir='ltr'>te</span> <span class='ocrx_word' id='word_1_58' title='bbox 131 1191 237 1279; x_wconf 86' lang='lat' dir='ltr'>dicis,</span> <span class='ocrx_word' id='word_1_59' title='bbox 254 1189 290 1260; x_wconf 88' lang='lat' dir='ltr'>in</span> <span class='ocrx_word' id='word_1_60' title='bbox 307 1187 347 1260; x_wconf 82' lang='lat' dir='ltr'>iis</span> <span class='ocrx_word' id='word_1_61' title='bbox 359 1185 503 1260; x_wconf 88' lang='lat' dir='ltr'>sciebam</span> <span class='ocrx_word' id='word_1_62' title='bbox 522 1182 625 1258; x_wconf 80' lang='lat' dir='ltr'>luisse.</span> <span class='ocrx_word' id='word_1_63' title='bbox 649 1183 678 1257; x_wconf 87' lang='lat' dir='ltr'>is</span> <span class='ocrx_word' id='word_1_64' title='bbox 691 1205 803 1258; x_wconf 90' lang='lat' dir='ltr'>autem</span> <span class='ocrx_word' id='word_1_65' title='bbox 824 1184 889 1274; x_wconf 84' lang='lat' dir='ltr'>eli,</span> <span class='ocrx_word' id='word_1_66' title='bbox 902 1189 961 1285; x_wconf 91' lang='lat' dir='ltr'>qui</span> <span class='ocrx_word' id='word_1_67' title='bbox 974 1214 1053 1267; x_wconf 85' lang='lat' dir='ltr'>cum</span> 
     </span>
     <span class='ocr_line' id='line_1_10' title="bbox 93 1286 1055 1388; baseline 0 -19"><span class='ocrx_word' id='word_1_68' title='bbox 93 1294 223 1368; x_wconf 72' lang='lat' dir='ltr'>temno</span> <span class='ocrx_word' id='word_1_69' title='bbox 241 1291 326 1374; x_wconf 83' lang='lat' dir='ltr'>fitit3</span> <span class='ocrx_word' id='word_1_70' title='bbox 340 1312 442 1388; x_wconf 89' lang='lat' dir='ltr'>quem</span> <span class='ocrx_word' id='word_1_71' title='bbox 459 1305 498 1359; x_wconf 93' lang='lat' dir='ltr'>tu</span> <span class='ocrx_word' id='word_1_72' title='bbox 512 1286 595 1359; x_wconf 90' lang='lat' dir='ltr'>mihi</span> <span class='ocrx_word' id='word_1_73' title='bbox 607 1287 790 1379; x_wconf 80' lang='lat' dir='ltr'>addidisti,</span> <span class='ocrx_word' id='word_1_74' title='bbox 808 1286 884 1362; x_wconf 87' lang='lat' dir='ltr'>sane</span> <span class='ocrx_word' id='word_1_75' title='bbox 905 1293 947 1362; x_wconf 90' lang='lat' dir='ltr'>ad</span> <span class='ocrx_word' id='word_1_76' title='bbox 959 1291 1055 1370; x_wconf 89' lang='lat' dir='ltr'>illum</span> 
     </span>
     <span class='ocr_line' id='line_1_11' title="bbox 93 1398 1054 1501; baseline 0 -25"><span class='ocrx_word' id='word_1_77' title='bbox 93 1433 233 1500; x_wconf 61' lang='lat' dir='ltr'>cumqe</span> <span class='ocrx_word' id='word_1_78' title='bbox 251 1401 428 1498; x_wconf 86' lang='lat' dir='ltr'>personam</span> <span class='ocrx_word' id='word_1_79' title='bbox 446 1398 616 1471; x_wconf 88' lang='lat' dir='ltr'>idoneam.</span> <span class='ocrx_word' id='word_1_80' title='bbox 635 1398 768 1473; x_wconf 87' lang='lat' dir='ltr'>videbis</span> <span class='ocrx_word' id='word_1_81' title='bbox 781 1399 903 1496; x_wconf 85' lang='lat' dir='ltr'>igitur,</span> <span class='ocrx_word' id='word_1_82' title='bbox 918 1401 942 1473; x_wconf 87' lang='lat' dir='ltr'>fi</span> <span class='ocrx_word' id='word_1_83' title='bbox 956 1421 1054 1501; x_wconf 88' lang='lat' dir='ltr'>pote-</span> 
     </span>
     <span class='ocr_line' id='line_1_12' title="bbox 92 1506 1050 1607; baseline 0.013 -27"><span class='ocrx_word' id='word_1_84' title='bbox 92 1511 146 1602; x_wconf 67' lang='lat' dir='ltr'>rit,</span> <span class='ocrx_word' id='word_1_85' title='bbox 159 1529 310 1600; x_wconf 65' lang='lat' dir='ltr'>ceteros,</span> <span class='ocrx_word' id='word_1_86' title='bbox 327 1528 366 1584; x_wconf 86' lang='lat' dir='ltr'>ut</span> <span class='ocrx_word' id='word_1_87' title='bbox 377 1506 538 1607; x_wconf 74' lang='lat' dir='ltr'>poffimus</span> <span class='ocrx_word' id='word_1_88' title='bbox 551 1539 727 1603; x_wconf 61' lang='lat' dir='ltr'>naporum</span> <span class='ocrx_word' id='word_1_89' title='bbox 738 1545 791 1586; x_wconf 76' lang='lat' dir='ltr'>m</span> <span class='ocrx_word' id='word_1_90' title='bbox 800 1545 1050 1606; x_wconf 61' lang='lat' dir='ltr'>sciturnomen.</span> 
     </span>
    </p>
   </div>
   <div class='ocr_carea' id='block_1_3' title="bbox 266 1738 966 1817">
    <p class='ocr_par' dir='ltr' id='par_1_3' title="bbox 266 1738 966 1817">
     <span class='ocr_line' id='line_1_13' title="bbox 266 1738 966 1817; baseline -0.003 0"><span class='ocrx_word' id='word_1_91' title='bbox 266 1740 509 1817; x_wconf 86' lang='lat' dir='ltr'>CICERO</span> <span class='ocrx_word' id='word_1_92' title='bbox 557 1738 795 1814; x_wconf 80' lang='lat' dir='ltr'>ATTICO</span> <span class='ocrx_word' id='word_1_93' title='bbox 844 1744 878 1815; x_wconf 87' lang='lat' dir='ltr'>S.</span> <span class='ocrx_word' id='word_1_94' title='bbox 961 1792 966 1797; x_wconf 86' lang='lat'><em>·</em></span> 
     </span>
    </p>
   </div>
   <div class='ocr_carea' id='block_1_4' title="bbox 89 1862 1109 2063">
    <p class='ocr_par' dir='ltr' id='par_1_4' title="bbox 89 1862 1109 2063">
     <span class='ocr_line' id='line_1_14' title="bbox 89 1862 1109 2063; baseline -0.007 -20"><span class='ocrx_word' id='word_1_95' title='bbox 89 1984 141 2063; x_wconf 82' lang='lat'>33·</span> <span class='ocrx_word' id='word_1_96' title='bbox 158 1862 569 2042; x_wconf 69' lang='lat' dir='ltr'>NliGLIGENTIAM</span> <span class='ocrx_word' id='word_1_97' title='bbox 582 1956 718 2031; x_wconf 88' lang='lat' dir='ltr'>miram!</span> <span class='ocrx_word' id='word_1_98' title='bbox 728 1957 872 2035; x_wconf 85' lang='lat' dir='ltr'>semelne</span> <span class='ocrx_word' id='word_1_99' title='bbox 885 1977 978 2058; x_wconf 72' lang='lat' dir='ltr'>pertas</span> <span class='ocrx_word' id='word_1_100' title='bbox 991 1964 1054 2038; x_wconf 88' lang='lat' dir='ltr'>mi·</span> <span class='ocrx_word' id='word_1_101' title='bbox 1106 2004 1109 2009; x_wconf 93' lang='lat'>·</span> 
     </span>
    </p>
   </div>
   <div class='ocr_carea' id='block_1_5' title="bbox 82 2068 1055 3154">
    <p class='ocr_par' dir='ltr' id='par_1_5' title="bbox 82 2068 1055 3154">
     <span class='ocr_line' id='line_1_15' title="bbox 85 2068 1054 2164; baseline 0.002 -19"><span class='ocrx_word' id='word_1_102' title='bbox 85 2072 118 2145; x_wconf 92' lang='lat' dir='ltr'>hi</span> <span class='ocrx_word' id='word_1_103' title='bbox 136 2070 260 2144; x_wconf 80' lang='lat' dir='ltr'>dixisse</span> <span class='ocrx_word' id='word_1_104' title='bbox 283 2071 421 2159; x_wconf 79' lang='lat' dir='ltr'>Balbum</span> <span class='ocrx_word' id='word_1_105' title='bbox 443 2086 478 2142; x_wconf 90' lang='lat' dir='ltr'>et</span> <span class='ocrx_word' id='word_1_106' title='bbox 499 2068 689 2156; x_wconf 86' lang='lat' dir='ltr'>Faberium,</span> <span class='ocrx_word' id='word_1_107' title='bbox 703 2068 942 2164; x_wconf 78' lang='lat' dir='ltr'>professionem</span> <span class='ocrx_word' id='word_1_108' title='bbox 964 2073 1054 2148; x_wconf 82' lang='lat' dir='ltr'>rela-</span> 
     </span>
     <span class='ocr_line' id='line_1_16' title="bbox 82 2175 1053 2282; baseline -0.014 -26"><span class='ocrx_word' id='word_1_109' title='bbox 82 2182 177 2256; x_wconf 83' lang='lat' dir='ltr'>taml</span> <span class='ocrx_word' id='word_1_110' title='bbox 194 2180 389 2282; x_wconf 89' lang='lat' dir='ltr'>quinetiam</span> <span class='ocrx_word' id='word_1_111' title='bbox 402 2202 559 2253; x_wconf 87' lang='lat' dir='ltr'>meorum</span> <span class='ocrx_word' id='word_1_112' title='bbox 574 2175 659 2249; x_wconf 85' lang='lat' dir='ltr'>iussu</span> <span class='ocrx_word' id='word_1_113' title='bbox 678 2176 852 2270; x_wconf 89' lang='lat' dir='ltr'>miseram,</span> <span class='ocrx_word' id='word_1_114' title='bbox 868 2180 926 2281; x_wconf 88' lang='lat' dir='ltr'>qui</span> <span class='ocrx_word' id='word_1_115' title='bbox 944 2181 1053 2280; x_wconf 79' lang='lat' dir='ltr'>profi.</span> 
     </span>
     <span class='ocr_line' id='line_1_17' title="bbox 82 2288 1055 2388; baseline 0.002 -21"><span class='ocrx_word' id='word_1_116' title='bbox 82 2310 220 2367; x_wconf 89' lang='lat' dir='ltr'>teretur.</span> <span class='ocrx_word' id='word_1_117' title='bbox 251 2291 298 2366; x_wconf 90' lang='lat' dir='ltr'>ita</span> <span class='ocrx_word' id='word_1_118' title='bbox 322 2291 413 2365; x_wconf 89' lang='lat' dir='ltr'>enim</span> <span class='ocrx_word' id='word_1_119' title='bbox 441 2306 600 2388; x_wconf 84' lang='lat' dir='ltr'>oportere</span> <span class='ocrx_word' id='word_1_120' title='bbox 622 2288 788 2364; x_wconf 87' lang='lat' dir='ltr'>dicebant.</span> <span class='ocrx_word' id='word_1_121' title='bbox 817 2292 981 2388; x_wconf 74' lang='lat' dir='ltr'>professus</span> <span class='ocrx_word' id='word_1_122' title='bbox 1005 2294 1055 2369; x_wconf 81' lang='lat' dir='ltr'>est</span> 
     </span>
     <span class='ocr_line' id='line_1_18' title="bbox 82 2399 1055 2479; baseline -0.016 -2"><span class='ocrx_word' id='word_1_123' title='bbox 82 2402 280 2479; x_wconf 80' lang='lat' dir='ltr'>Philotimus</span> <span class='ocrx_word' id='word_1_124' title='bbox 296 2401 441 2474; x_wconf 88' lang='lat' dir='ltr'>libertus.</span> <span class='ocrx_word' id='word_1_125' title='bbox 459 2401 546 2472; x_wconf 87' lang='lat' dir='ltr'>nosti</span> <span class='ocrx_word' id='word_1_126' title='bbox 568 2401 672 2477; x_wconf 86' lang='lat' dir='ltr'>credo</span> <span class='ocrx_word' id='word_1_127' title='bbox 691 2399 873 2471; x_wconf 88' lang='lat' dir='ltr'>librarium.</span> <span class='ocrx_word' id='word_1_128' title='bbox 890 2404 947 2474; x_wconf 88' lang='lat' dir='ltr'>sed</span> <span class='ocrx_word' id='word_1_129' title='bbox 972 2405 1055 2476; x_wconf 86' lang='lat' dir='ltr'>scri.</span> 
     </span>
     <span class='ocr_line' id='line_1_19' title="bbox 82 2505 1054 2611; baseline -0.013 -25"><span class='ocrx_word' id='word_1_130' title='bbox 82 2512 162 2600; x_wconf 88' lang='lat' dir='ltr'>bes,</span> <span class='ocrx_word' id='word_1_131' title='bbox 176 2529 211 2584; x_wconf 90' lang='lat' dir='ltr'>et</span> <span class='ocrx_word' id='word_1_132' title='bbox 220 2510 356 2611; x_wconf 88' lang='lat' dir='ltr'>quidem</span> <span class='ocrx_word' id='word_1_133' title='bbox 375 2508 561 2584; x_wconf 86' lang='lat' dir='ltr'>confestim.</span> <span class='ocrx_word' id='word_1_134' title='bbox 576 2506 629 2579; x_wconf 76' lang='lat' dir='ltr'>Ad</span> <span class='ocrx_word' id='word_1_135' title='bbox 642 2505 815 2579; x_wconf 85' lang='lat' dir='ltr'>Faberium</span> <span class='ocrx_word' id='word_1_136' title='bbox 826 2559 837 2596; x_wconf 94' lang='lat'>,</span> <span class='ocrx_word' id='word_1_137' title='bbox 849 2526 886 2579; x_wconf 92' lang='lat' dir='ltr'>ut</span> <span class='ocrx_word' id='word_1_138' title='bbox 897 2509 957 2582; x_wconf 89' lang='lat' dir='ltr'>tibi</span> <span class='ocrx_word' id='word_1_139' title='bbox 969 2511 1054 2608; x_wconf 84' lang='lat' dir='ltr'>pla.</span> 
     </span>
     <span class='ocr_line' id='line_1_20' title="bbox 82 2617 1053 2718; baseline 0.002 -24"><span class='ocrx_word' id='word_1_140' title='bbox 82 2640 154 2712; x_wconf 87' lang='lat' dir='ltr'>cet,</span> <span class='ocrx_word' id='word_1_141' title='bbox 166 2621 276 2694; x_wconf 86' lang='lat' dir='ltr'>literas</span> <span class='ocrx_word' id='word_1_142' title='bbox 290 2619 373 2692; x_wconf 83' lang='lat' dir='ltr'>misr.</span> <span class='ocrx_word' id='word_1_143' title='bbox 385 2643 463 2694; x_wconf 86' lang='lat' dir='ltr'>cum</span> <span class='ocrx_word' id='word_1_144' title='bbox 476 2617 582 2692; x_wconf 89' lang='lat' dir='ltr'>Balbo</span> <span class='ocrx_word' id='word_1_145' title='bbox 598 2635 711 2690; x_wconf 91' lang='lat' dir='ltr'>autem</span> <span class='ocrx_word' id='word_1_146' title='bbox 723 2635 854 2716; x_wconf 85' lang='lat' dir='ltr'>putore</span> <span class='ocrx_word' id='word_1_147' title='bbox 866 2618 992 2718; x_wconf 88' lang='lat' dir='ltr'>aliquid</span> <span class='ocrx_word' id='word_1_148' title='bbox 1007 2621 1053 2697; x_wconf 88' lang='lat' dir='ltr'>fe·</span> 
     </span>
     <span class='ocr_line' id='line_1_21' title="bbox 82 2729 1053 2830; baseline 0.002 -22"><span class='ocrx_word' id='word_1_149' title='bbox 82 2734 158 2808; x_wconf 76' lang='lat' dir='ltr'>cisse</span> <span class='ocrx_word' id='word_1_150' title='bbox 177 2735 223 2806; x_wconf 88' lang='lat' dir='ltr'>H.</span> <span class='ocrx_word' id='word_1_151' title='bbox 241 2732 277 2804; x_wconf 90' lang='lat' dir='ltr'>in</span> <span class='ocrx_word' id='word_1_152' title='bbox 288 2731 470 2829; x_wconf 89' lang='lat' dir='ltr'>Capitolio.</span> <span class='ocrx_word' id='word_1_153' title='bbox 484 2735 522 2804; x_wconf 90' lang='lat' dir='ltr'>ln</span> <span class='ocrx_word' id='word_1_154' title='bbox 537 2729 684 2830; x_wconf 84' lang='lat' dir='ltr'>Virgilio</span> <span class='ocrx_word' id='word_1_155' title='bbox 695 2730 779 2803; x_wconf 92' lang='lat' dir='ltr'>mihi</span> <span class='ocrx_word' id='word_1_156' title='bbox 792 2730 881 2805; x_wconf 86' lang='lat' dir='ltr'>nulla</span> <span class='ocrx_word' id='word_1_157' title='bbox 897 2732 944 2806; x_wconf 85' lang='lat' dir='ltr'>est</span> <span class='ocrx_word' id='word_1_158' title='bbox 954 2746 1053 2812; x_wconf 66' lang='lat' dir='ltr'>sven·</span> 
     </span>
     <span class='ocr_line' id='line_1_22' title="bbox 83 2840 1053 2937; baseline -0.001 -18"><span class='ocrx_word' id='word_1_159' title='bbox 83 2881 146 2921; x_wconf 75' lang='lat' dir='ltr'>m.</span> <span class='ocrx_word' id='word_1_160' title='bbox 167 2868 232 2917; x_wconf 87' lang='lat' dir='ltr'>nec</span> <span class='ocrx_word' id='word_1_161' title='bbox 251 2843 342 2915; x_wconf 89' lang='lat' dir='ltr'>euim</span> <span class='ocrx_word' id='word_1_162' title='bbox 359 2843 431 2917; x_wconf 88' lang='lat' dir='ltr'>eius</span> <span class='ocrx_word' id='word_1_163' title='bbox 442 2842 547 2923; x_wconf 73' lang='lat' dir='ltr'>‚eausa</span> <span class='ocrx_word' id='word_1_164' title='bbox 565 2840 640 2916; x_wconf 89' lang='lat' dir='ltr'>sane</span> <span class='ocrx_word' id='word_1_165' title='bbox 661 2840 791 2932; x_wconf 89' lang='lat' dir='ltr'>debeo;</span> <span class='ocrx_word' id='word_1_166' title='bbox 804 2862 838 2919; x_wconf 87' lang='lat' dir='ltr'>et</span> <span class='ocrx_word' id='word_1_167' title='bbox 848 2897 861 2933; x_wconf 92' lang='lat'>,</span> <span class='ocrx_word' id='word_1_168' title='bbox 873 2841 897 2915; x_wconf 90' lang='lat' dir='ltr'>sr</span> <span class='ocrx_word' id='word_1_169' title='bbox 909 2869 1053 2937; x_wconf 88' lang='lat' dir='ltr'>emero,</span> 
     </span>
     <span class='ocr_line' id='line_1_23' title="bbox 83 2951 1053 3052; baseline 0.004 -26"><span class='ocrx_word' id='word_1_170' title='bbox 83 2954 161 3052; x_wconf 91' lang='lat' dir='ltr'>quid</span> <span class='ocrx_word' id='word_1_171' title='bbox 171 2953 362 3052; x_wconf 88' lang='lat' dir='ltr'>erit,quod</span> <span class='ocrx_word' id='word_1_172' title='bbox 374 2951 547 3050; x_wconf 72' lang='lat' dir='ltr'>postulet?</span> <span class='ocrx_word' id='word_1_173' title='bbox 575 2951 632 3025; x_wconf 88' lang='lat' dir='ltr'>sed</span> <span class='ocrx_word' id='word_1_174' title='bbox 650 2951 779 3026; x_wconf 83' lang='lat' dir='ltr'>videbis</span> <span class='ocrx_word' id='word_1_175' title='bbox 790 3007 802 3045; x_wconf 94' lang='lat'>,</span> <span class='ocrx_word' id='word_1_176' title='bbox 822 2977 866 3027; x_wconf 90' lang='lat' dir='ltr'>ne</span> <span class='ocrx_word' id='word_1_177' title='bbox 879 2953 997 3028; x_wconf 84' lang='lat' dir='ltr'>iseum</span> <span class='ocrx_word' id='word_1_178' title='bbox 1011 2955 1053 3032; x_wconf 81' lang='lat' dir='ltr'>fit</span> 
     </span>
     <span class='ocr_line' id='line_1_24' title="bbox 83 3060 1050 3154; baseline 0.005 -20"><span class='ocrx_word' id='word_1_179' title='bbox 83 3061 115 3134; x_wconf 89' lang='lat' dir='ltr'>in</span> <span class='ocrx_word' id='word_1_180' title='bbox 134 3060 271 3154; x_wconf 86' lang='lat' dir='ltr'>Africa,</span> <span class='ocrx_word' id='word_1_181' title='bbox 291 3083 330 3137; x_wconf 93' lang='lat' dir='ltr'>ut</span> <span class='ocrx_word' id='word_1_182' title='bbox 354 3061 504 3135; x_wconf 85' lang='lat' dir='ltr'>Coelius.</span> <span class='ocrx_word' id='word_1_183' title='bbox 528 3063 584 3136; x_wconf 90' lang='lat' dir='ltr'>De</span> <span class='ocrx_word' id='word_1_184' title='bbox 601 3060 739 3135; x_wconf 89' lang='lat' dir='ltr'>nomine</span> <span class='ocrx_word' id='word_1_185' title='bbox 761 3078 799 3134; x_wconf 88' lang='lat' dir='ltr'>tu</span> <span class='ocrx_word' id='word_1_186' title='bbox 817 3062 947 3137; x_wconf 82' lang='lat' dir='ltr'>videbis</span> <span class='ocrx_word' id='word_1_187' title='bbox 969 3088 1050 3139; x_wconf 88' lang='lat' dir='ltr'>cum</span> 
     </span>
    </p>
   </div>
   <div class='ocr_carea' id='block_1_6' title="bbox 83 3172 1097 3274">
    <p class='ocr_par' dir='ltr' id='par_1_6' title="bbox 83 3172 1097 3274">
     <span class='ocr_line' id='line_1_25' title="bbox 83 3172 1097 3274; baseline 0.007 -26"><span class='ocrx_word' id='word_1_188' title='bbox 83 3174 220 3274; x_wconf 81' lang='lat' dir='ltr'>Cispio:</span> <span class='ocrx_word' id='word_1_189' title='bbox 235 3175 310 3265; x_wconf 88' lang='lat' dir='ltr'>sed,</span> <span class='ocrx_word' id='word_1_190' title='bbox 324 3175 349 3248; x_wconf 85' lang='lat' dir='ltr'>fi</span> <span class='ocrx_word' id='word_1_191' title='bbox 363 3174 499 3248; x_wconf 83' lang='lat' dir='ltr'>Plancus</span> <span class='ocrx_word' id='word_1_192' title='bbox 520 3172 678 3262; x_wconf 83' lang='lat' dir='ltr'>destinat,</span> <span class='ocrx_word' id='word_1_193' title='bbox 694 3192 765 3248; x_wconf 87' lang='lat' dir='ltr'>tunt</span> <span class='ocrx_word' id='word_1_194' title='bbox 779 3175 879 3251; x_wconf 91' lang='lat' dir='ltr'>habet</span> <span class='ocrx_word' id='word_1_195' title='bbox 894 3204 947 3255; x_wconf 90' lang='lat' dir='ltr'>res</span> <span class='ocrx_word' id='word_1_196' title='bbox 962 3180 1051 3256; x_wconf 83' lang='lat' dir='ltr'>diffi-</span> <span class='ocrx_word' id='word_1_197' title='bbox 1093 3184 1097 3190; x_wconf 77' lang='grc'><strong>“</strong></span> 
     </span>
    </p>
   </div>
   <div class='ocr_carea' id='block_1_7' title="bbox 85 3285 1049 3496">
    <p class='ocr_par' dir='ltr' id='par_1_7' title="bbox 85 3285 1049 3496">
     <span class='ocr_line' id='line_1_26' title="bbox 85 3285 1048 3396; baseline 0.01 -36"><span class='ocrx_word' id='word_1_198' title='bbox 85 3287 246 3362; x_wconf 84' lang='lat' dir='ltr'>cultatem.</span> <span class='ocrx_word' id='word_1_199' title='bbox 263 3290 316 3363; x_wconf 91' lang='lat' dir='ltr'>Te</span> <span class='ocrx_word' id='word_1_200' title='bbox 329 3289 371 3361; x_wconf 88' lang='lat' dir='ltr'>ad</span> <span class='ocrx_word' id='word_1_201' title='bbox 385 3313 441 3361; x_wconf 92' lang='lat' dir='ltr'>me</span> <span class='ocrx_word' id='word_1_202' title='bbox 462 3285 579 3361; x_wconf 83' lang='lat' dir='ltr'>venire</span> <span class='ocrx_word' id='word_1_203' title='bbox 596 3304 734 3387; x_wconf 89' lang='lat' dir='ltr'>uterque</span> <span class='ocrx_word' id='word_1_204' title='bbox 756 3288 907 3364; x_wconf 78' lang='lat' dir='ltr'>nostrum</span> <span class='ocrx_word' id='word_1_205' title='bbox 929 3295 1048 3396; x_wconf 77' lang='lat' dir='ltr'>cupit3</span> 
     </span>
     <span class='ocr_line' id='line_1_27' title="bbox 87 3395 1049 3496; baseline 0.01 -29"><span class='ocrx_word' id='word_1_206' title='bbox 87 3395 213 3470; x_wconf 81' lang='lat' dir='ltr'>sedilia</span> <span class='ocrx_word' id='word_1_207' title='bbox 238 3421 293 3472; x_wconf 90' lang='lat' dir='ltr'>res</span> <span class='ocrx_word' id='word_1_208' title='bbox 308 3399 402 3471; x_wconf 89' lang='lat' dir='ltr'>nullo</span> <span class='ocrx_word' id='word_1_209' title='bbox 429 3395 536 3471; x_wconf 92' lang='lat' dir='ltr'>modo</span> <span class='ocrx_word' id='word_1_210' title='bbox 553 3396 768 3496; x_wconf 88' lang='lat' dir='ltr'>relinquenda</span> <span class='ocrx_word' id='word_1_211' title='bbox 787 3397 846 3473; x_wconf 88' lang='lat' dir='ltr'>est.</span> <span class='ocrx_word' id='word_1_212' title='bbox 872 3403 1049 3484; x_wconf 86' lang='lat' dir='ltr'>Othonem</span> 
     </span>
    </p>
   </div>
   <div class='ocr_carea' id='block_1_8' title="bbox 87 3492 1047 3717">
    <p class='ocr_par' dir='ltr' id='par_1_8' title="bbox 87 3492 1047 3717">
     <span class='ocr_line' id='line_1_28' title="bbox 87 3492 1047 3606; baseline 0.01 -28"><span class='ocrx_word' id='word_1_213' title='bbox 87 3507 173 3601; x_wconf 90' lang='lat' dir='ltr'>quod</span> <span class='ocrx_word' id='word_1_214' title='bbox 188 3510 298 3606; x_wconf 88' lang='lat' dir='ltr'>speras</span> <span class='ocrx_word' id='word_1_215' title='bbox 312 3505 405 3604; x_wconf 83' lang='lat' dir='ltr'>polle</span> <span class='ocrx_word' id='word_1_216' title='bbox 420 3504 512 3580; x_wconf 86' lang='lat' dir='ltr'>vinci</span> <span class='ocrx_word' id='word_1_217' title='bbox 523 3492 535 3594; x_wconf 90' lang='lat'>,</span> <span class='ocrx_word' id='word_1_218' title='bbox 547 3505 622 3578; x_wconf 89' lang='lat' dir='ltr'>sane</span> <span class='ocrx_word' id='word_1_219' title='bbox 639 3507 723 3582; x_wconf 90' lang='lat' dir='ltr'>bene</span> <span class='ocrx_word' id='word_1_220' title='bbox 745 3534 864 3585; x_wconf 87' lang='lat' dir='ltr'>narras.</span> <span class='ocrx_word' id='word_1_221' title='bbox 883 3513 928 3588; x_wconf 91' lang='lat' dir='ltr'>de</span> <span class='ocrx_word' id='word_1_222' title='bbox 947 3511 1047 3590; x_wconf 86' lang='lat' dir='ltr'>aesli-</span> 
     </span>
     <span class='ocr_line' id='line_1_29' title="bbox 92 3613 1047 3717; baseline 0.01 -30"><span class='ocrx_word' id='word_1_223' title='bbox 92 3615 249 3706; x_wconf 85' lang='lat' dir='ltr'>matione,</span> <span class='ocrx_word' id='word_1_224' title='bbox 265 3632 302 3689; x_wconf 89' lang='lat' dir='ltr'>ut</span> <span class='ocrx_word' id='word_1_225' title='bbox 318 3613 452 3706; x_wconf 88' lang='lat' dir='ltr'>scribis,</span> <span class='ocrx_word' id='word_1_226' title='bbox 464 3638 542 3691; x_wconf 91' lang='lat' dir='ltr'>cum</span> <span class='ocrx_word' id='word_1_227' title='bbox 561 3639 658 3714; x_wconf 84' lang='lat' dir='ltr'>agere</span> <span class='ocrx_word' id='word_1_228' title='bbox 672 3619 881 3717; x_wconf 86' lang='lat' dir='ltr'>coeperimus</span> <span class='ocrx_word' id='word_1_229' title='bbox 887 3635 901 3710; x_wconf 85' lang='lat'>3&#39;</span> <span class='ocrx_word' id='word_1_230' title='bbox 911 3623 971 3698; x_wconf 82' lang='lat' dir='ltr'>etti</span> <span class='ocrx_word' id='word_1_231' title='bbox 991 3622 1047 3697; x_wconf 90' lang='lat' dir='ltr'>ni·</span> 
     </span>
    </p>
   </div>
   <div class='ocr_carea' id='block_1_9' title="bbox 92 3717 1048 3831">
    <p class='ocr_par' dir='ltr' id='par_1_9' title="bbox 92 3717 1048 3831">
     <span class='ocr_line' id='line_1_30' title="bbox 92 3717 1048 3831; baseline 0.009 -38"><span class='ocrx_word' id='word_1_232' title='bbox 92 3717 551 3831; x_wconf 23' lang='lat' dir='ltr'>hilleripfit3nisrnde&#39;modo</span> <span class='ocrx_word' id='word_1_233' title='bbox 564 3721 644 3818; x_wconf 81' lang='lat' dir='ltr'>agri.</span> <span class='ocrx_word' id='word_1_234' title='bbox 665 3723 754 3797; x_wconf 89' lang='lat' dir='ltr'>Cum</span> <span class='ocrx_word' id='word_1_235' title='bbox 776 3725 911 3816; x_wconf 86' lang='lat' dir='ltr'>Pisone,</span> <span class='ocrx_word' id='word_1_236' title='bbox 925 3726 951 3799; x_wconf 85' lang='lat' dir='ltr'>fi</span> <span class='ocrx_word' id='word_1_237' title='bbox 964 3727 1048 3827; x_wconf 88' lang='lat' dir='ltr'>quid</span> 
     </span>
    </p>
   </div>
   <div class='ocr_carea' id='block_1_10' title="bbox 0 0 1181 4238">
    <p class='ocr_par' dir='ltr' id='par_1_10' title="bbox 0 0 1181 4238">
     <span class='ocr_line' id='line_1_31' title="bbox 0 0 1181 4238; baseline 0 0"><span class='ocrx_word' id='word_1_238' title='bbox 0 0 1181 4238; x_wconf 95' lang='lat' dir='ltr'> </span> 
     </span>
    </p>
   </div>
  </div>
 </body>
</html>
