2348 4238
427 192 724 321 tranat.
814 348 818 354 .
966 259 1060 369 iffi

92 434 221 486 omnes
232 411 349 501 enim,
369 408 427 508 qui
441 408 535 481 istinc
547 409 704 498 veniunt,
722 406 769 482 ita
790 407 832 482 de
849 425 904 483 tua
918 408 1061 505 virtute,

91 519 310 617 integritate,
334 519 536 593 humanitate
564 518 851 608 commemorant,
878 519 974 590 utin
996 520 1060 593 tuis
1167 518 1171 527 '

92 626 237 701 summis
251 628 406 700 laudibus.
414 625 581 723 excipiant
602 649 703 701 unam
724 624 940 699 iracundiam.
965 627 1059 720 quod

92 734 244 826 vitium,
258 754 335 814 cunt
350 735 386 808 in
398 735 460 807 hac
473 735 605 831 privata
618 732 875 831 quotidianaque
892 733 962 807 vita
976 732 1059 807 levis

92 852 163 955 effe
180 849 285 928 animi
298 867 397 946 atque
410 846 534 920 infirmi
545 848 706 932 videtur3
725 860 795 916 tum
809 868 893 917 vero
916 843 996 917 nihii
1011 843 1059 917 est

94 950 168 1035 tam
191 957 368 1053 deforme,
394 982 493 1054 quarn
517 956 569 1027 ad
583 951 775 1027 summum
766 955 943 1060 imperium
959 955 1059 1027 etiam

95 1067 314 1144 acerbitatem
329 1085 463 1141 naturae
477 1064 665 1162 adiungere.
681 1064 796 1155 Quare
809 1051 892 1135 iilud
905 1088 975 1136 non
989 1065 1058 1139 sus·

93 1177 242 1275 cipiam,
259 1192 319 1264 ut,
337 1199 422 1272 quae
442 1173 484 1245 de
501 1169 668 1246 iracundia
682 1169 751 1243 dici
767 1170 871 1242 solent
882 1195 901 1242 a
914 1173 1059 1246 dottiffi-

95 1287 160 1361 mis
171 1285 383 1372 hominibus,
395 1307 433 1354 ea
446 1278 507 1355 tibi
523 1307 612 1354 nunc
626 1303 812 1377 exponam,
825 1305 902 1353 cum
913 1299 947 1354 et
959 1284 1059 1357 nimis

94 1397 216 1493 longus
231 1391 298 1467 effe
311 1391 417 1465 nolim
429 1444 442 1478 ,
454 1407 487 1462 et
506 1415 548 1463 ex
563 1390 748 1463 multorum
768 1389 896 1485 scriptis
915 1414 953 1462 ea
974 1389 1056 1463 faci-

96 1506 127 1579 le
141 1504 246 1602 possis
264 1503 486 1600 cognoscere:
508 1502 603 1600 quod
621 1500 668 1573 est
690 1498 845 1596 epistolae
863 1498 1058 1602 proprium,

95 1636 133 1691 ut
143 1616 193 1704 is,
213 1615 254 1688 ad
269 1640 370 1712 quem
386 1613 557 1702 scribitur,
572 1614 612 1695 de
626 1612 666 1684 iis
682 1610 799 1700 rebus,
811 1637 892 1711 quas
904 1612 1059 1710 ignorat,

96 1711 223 1799 certior
236 1720 312 1815 fiat,
334 1721 659 1820 praetermittendum
669 1720 736 1795 effe
752 1744 824 1822 non
840 1743 934 1817 puto.
948 1721 1002 1794 Sic
1014 1722 1065 1817 a'd

96 1829 370 1905 nosomncsfere
383 1829 556 1917 deferunt,
574 1828 676 1918 nihil,
690 1854 767 1901 cum
780 1829 861 1902 abit
875 1829 1059 1923 iracundia,

96 1961 129 2014 te
143 1940 217 2013 fieri
229 1940 321 2039 poffe
342 1941 528 2014 iucundius.
549 1940 605 2012 sed
626 1964 702 2012 cum
716 1955 749 2011 te
770 1937 932 2010 alicuius
923 1962 1054 2033 impro-

96 2046 182 2123 bitas
204 2045 462 2146 perverfitasque
479 2047 725 2137 commoverit,
750 2047 795 2121 fic
815 2067 849 2119 te
867 2047 982 2128 animo
999 2050 1054 2121 in·
1111 2112 1115 2117 .

96 2172 259 2244 crtart,ut
267 2154 308 2226 ab
317 2155 471 2235 omnibus
479 2175 537 2229 tua
546 2151 612 2226 des
615 2156 745 2227 deretur
753 2155 944 2229 humanitas
962 2159 1058 2255 Qua·
1084 2154 1088 2172 '

96 2289 133 2341 re
146 2264 309 2361 quoniam
328 2265 365 2336 iu
382 2284 454 2335 eant
468 2263 631 2336 rationem
645 2262 733 2335 vitae
746 2288 808 2337 nor
823 2289 891 2336 non
906 2284 973 2338 tam
991 2288 1053 2341 cu·

96 2375 221 2471 piditas
238 2368 399 2471 quaedam
420 2373 563 2471 gloriae,
589 2401 691 2473 quam
716 2383 768 2449 res
788 2376 857 2475 ipsa
871 2402 908 2450 ac
923 2377 1056 2453 fortuna

95 2483 258 2573 deduxit,
282 2506 319 2555 ut
346 2484 562 2582 sempiternus
587 2485 698 2563 sermo
723 2488 900 2561 hominum
925 2489 966 2560 de
983 2500 1054 2561 “ιιο’-

94 2592 145 2667 bis
161 2591 295 2665 futurus
308 2589 371 2678 fit,-
390 2616 584 2682 caueamus,
602 2612 761 2691 quantum
780 2594 909 2671 efficere
922 2614 956 2670 et
970 2622 1056 2671 con·

94 2700 188 2799 sequi
200 2701 393 2797 possumus,
416 2722 454 2774 ut
473 2728 515 2775 ne
527 2703 664 2802 quodin
679 2707 776 2781 nobis
792 2709 917 2809 insigne
935 2709 1056 2783 vitium

96 2810 192 2887 fuiffe
211 2810 350 2885 dicatur
363 2813 481 2908 Neque
495 2835 559 2910 ego
568 2837 657 2887 nunc
669 2813 736 2887 hoc
747 2817 939 2907 contendo,
960 2802 1056 2916 quod

94 2902 230 3021 fqrtasse
244 2943 320 2992 cum
334 2918 474 2993 inomni
488 2941 622 3011 natura,
631 2941 704 2995 tum
717 2922 781 2993 iam
796 2925 832 2993 in
833 2921 958 2996 nostra
972 2948 1055 2999 aeta·
1149 3005 1152 3009 ,

93 3045 128 3105 te
146 3027 282 3105 difficile
297 3029 369 3123 est,
387 3033 673 3104 mutateauimum
687 3026 944 3131 ,etiiquidest
958 3037 1054 3130 peni·

93 3156 146 3215 tus
157 3140 293 3213 infitum
301 3142 477 3231 moribus,
494 3141 530 3214 id
543 3142 654 3216 subito
671 3086 833 3235 e'velieret
852 3144 907 3220 sed
924 3162 958 3218 te
974 3148 1057 3224 illud

95 3252 281 3340 admoneo,
295 3270 357 3340 ut,
375 3251 400 3324 st
418 3251 599 3350 hocplane
614 3253 719 3328 vitare
739 3279 808 3326 non
821 3274 941 3352 poter,
959 3256 1055 3354 quod
1113 3297 1124 3313 ··

94 3360 169 3434 εἰπε
185 3376 373 3455 occupatur
389 3361 515 3435 animus
529 3364 571 3433 ab
584 3360 769 3451 iracundia,
786 3382 886 3461 quam
902 3365 1056 3460 provide·
1152 3406 1155 3412 ·

94 3494 131 3545 re
146 3468 236 3542 ratio
247 3469 380 3564 potuit,
399 3495 442 3543 ne
454 3495 701 3569 occuparetur,
721 3493 759 3546 ut
772 3494 804 3547 te
819 3492 894 3555 ante
915 3496 1057 3575 compa·

95 3603 167 3680 res,
186 3579 405 3677 quotidieque
418 3581 597 3667 meditere,
616 3581 828 3657 resistendum
842 3581 906 3652 effe
921 3581 1055 3659 iracun-

95 3689 194 3777 dm
207 3708 355 3794 euntque
369 3712 409 3787 ep
420 3690 565 3767 maxime
577 3684 726 3773 animum
737 3707 892 3793 moveat,
905 3709 978 3767 tum
994 3693 1058 3771 tibi
