2348 4238
280 242 839 353 cosmum.
893 238 1071 367 [397

92 432 194 507 qnam
206 412 382 485 humanum
397 409 480 484 illud
485 413 586 513 erit,fi
594 416 705 485 omnia
717 416 806 484 nobis
818 417 901 484 botta
909 417 1072 509 omniaque

94 528 266 595 comnmda
276 550 466 620 expetamus.
477 549 568 620 atque
581 529 594 594 i
597 558 618 600 n
626 530 683 596 boc
692 527 934 618 comprimendae
933 525 1015 617 fient
1021 544 1072 597 cu·

88 636 258 729 prtitores,
267 640 377 728 quibus
388 639 545 708 trahimur
547 639 739 730 persaepead
749 663 802 723 ea,
812 659 890 728 quae
899 638 1009 707 t't‘rtati
1017 639 1070 723 al·

92 732 266 834 ue'rsarttttr.
280 744 518 838 quodfacillimc
526 742 668 837 penitae,
680 748 736 838 qui
747 767 813 814 tarn
822 743 1071 841 glariofifacino·

91 858 141 926 tis
154 857 275 924 exitum
276 856 383 947 secum
403 853 593 950 ipseaffidue
606 856 759 950 cogitabit.
777 855 1072 955 tantaqueqlltuitts

93 966 298 1058 cogitationis
304 966 474 1057 suauitas,
488 988 540 1053 ut,
554 967 636 1058 quod
645 967 772 1035 libenter
784 963 983 1058 alacriterque
996 964 1072 1061 agl:

96 1100 189 1162 mus,
199 1075 364 1172 etiamfine
377 1077 476 1144 labore
482 1064 680 1168 peragamus.
693 1074 782 1166 idque
795 1073 832 1139 in
839 1069 1070 1172 praestantibus

94 1184 264 1275 laudisque
276 1187 486 1276 appetentibus
494 1185 672 1252 bominibus
678 1180 779 1273 facile
787 1182 930 1252 cernitur.
939 1210 1069 1276 quorum

94 1317 191 1363 tanta
203 1291 259 1391 effe
272 1294 468 1387 sotiatus
486 1296 635 1363 otiantes
651 1295 801 1388 pratu,
814 1279 865 1393 aa
879 1293 920 1377 ‚a
940 1298 1069 1389 agents
1119 1280 1122 1285 ’

95 1402 220 1501 tattsts,
234 1410 285 1474 vel
300 1408 337 1474 irt
357 1404 607 1475 contentionibus
620 1424 679 1494 pro
692 1405 844 1495 republica
856 1401 1068 1495 fitsctpitndis

93 1519 268 1597 alacritas,
284 1536 433 1608 tantaque
445 1509 632 1600 uirtus,tet,
645 1512 777 1604 quodin
789 1513 831 1581 iis
851 1513 941 1601 rebus.
946 1513 1071 1603 pericu·
1096 1558 1098 1563 -
1123 1602 1125 1607 Ι

94 1626 139 1707 li,
151 1645 208 1692 aut
219 1625 335 1693 laboris
350 1625 392 1714 est
400 1675 411 1710 ,
422 1644 480 1694 aut
497 1620 738 1712 transtatione,
752 1641 809 1689 aut
819 1642 879 1710 pro
893 1621 992 1691 nihilo
1004 1625 1067 1693 dte-
1136 1701 1142 1709 „

93 1750 184 1800 cant.
198 1740 347 1826 magnum
361 1735 444 1801 enim
455 1731 497 1833 est
508 1732 721 1801 contendentis
731 1780 743 1816 ,
756 1725 789 1800 fr
801 1731 848 1817 ael
854 1731 989 1823 gloriam
1000 1758 1067 1802 art·

95 1845 235 1912 balantis
252 1843 353 1911 animi
360 1827 990 1939 fimenmm,‘magnumsalatium‚ſjtes
1002 1841 1068 1929 fit·
1101 1840 1110 1898 ξ

96 1976 187 2022 turae
204 1979 242 2022 ac
264 1949 455 2044 propinquae
469 1949 538 2044 fite
564 1951 731 2036 utilitatis,
741 1947 814 2046 ſset
830 1948 956 2043 gloriae.
973 1972 1070 2042 neque

94 2061 136 2125 ld
145 2057 251 2148 stilum
272 2060 309 2130 irt
330 2056 545 2152 magnisffltd,
558 2061 652 2129 etiam
669 2060 706 2128 in
724 2057 889 2127 levioribus
909 2060 1068 2129 laboribus
1096 2064 1099 2071 ’

96 2169 269 2266 aestudiis.
295 2193 371 2261 quos
384 2170 467 2237 enim
486 2168 613 2260 cursus,
623 2192 704 2261 qttas
717 2169 842 2239 uenatio
856 2167 1001 2257 deludat,
1015 2194 1085 2241 eos·

95 2279 246 2368 quamvis
258 2279 294 2345 te
306 2277 360 2346 uia
368 2271 464 2374 sefflts
475 2276 521 2346 ‘aa
539 2302 638 2370 paene
657 2278 820 2351 exantnm
839 2278 967 2368 rideas,
985 2304 1070 2349 nun·

97 2411 195 2480 quam
222 2382 326 2455 tamen
347 2387 455 2455 minus
479 2389 596 2457 alacres
616 2388 783 2479 minusque
802 2389 976 2458 concitatos
995 2390 1072 2458 ani·
1105 2431 1109 2439 ·

96 2497 287 2563 maduertas.
302 2493 374 2562 lam
381 2543 392 2576 ,
403 2485 553 2564 bannum
563 2496 730 2587 cupiditas,
747 2497 902 2589 quidnam
915 2499 952 2566 itt
965 2497 1069 2596 nostra

97 2603 224 2671 civitate
237 2601 533 2690 laboris,quil.rtort
537 2602 770 2702 sollicitudinis
784 2601 1069 2699 negotiiquefaces·
1119 2632 1121 2636 ·

83 2710 168 2806 fit?
183 2732 295 2802 quotus
317 2730 421 2781 tantem
444 2712 571 2803 quisque
583 2713 640 2811 est,
652 2713 708 2805 qui
720 2713 761 2805 se
772 2717 823 2785 vel
832 2715 932 2783 labare
951 2709 1068 2801 defieri*
1151 2724 1154 2728 ’

94 2814 230 2916 garum,
244 2823 295 2889 vel
301 2820 510 2912 prensationis
523 2823 655 2922 molestia
669 2847 801 2915 curaque
813 2821 983 2910 consulum
1003 2846 1067 2892 att·
1166 2876 1170 2884 .

97 2936 174 3001 deae
195 2931 390 3029 diterelstc,
402 2944 533 3024 quorum.
543 2937 648 3005 oculos
670 2935 800 3005 uirtutis
809 2935 961 3026 splendor
978 2960 1069 3010 occu·

89 3043 189 3134 parit
199 3090 210 3127 ,
222 3041 393 3132 gloriaeque
394 3040 537 3140 studium
550 3043 677 3123 animos
686 3043 855 3128 delenivit,
870 3042 894 3108 ii
912 3065 966 3109 nec
978 3043 1069 3132 labo·

100 3177 165 3224 rem
177 3151 346 3243 sentium,
357 3147 391 3221 fr
401 3202 413 3240 ,
425 3148 459 3243 fi
469 3172 578 3221 tantus
593 3150 650 3250 ιβ’,
669 3171 705 3219 ut
722 3152 891 3242 aliqttartdo
907 3171 1071 3241 erumpat,

99 3283 256 3330 rotantem
265 3286 333 3328 non
345 3284 525 3354 magnopere
533 3255 774 3331 mouentum-toti
785 3258 872 3337 ,enim
887 3257 922 3324 in
937 3256 1073 3347 rosum,

100 3396 138 3443 ut
146 3371 269 3470 profint
277 3373 419 3462 patriae,
433 3371 695 3462 immortalemque
709 3368 775 3467 fibi
796 3354 937 3438 nominis
955 3392 1071 3436 mema-
1143 3401 1149 3409 .

100 3484 184 3551 riam
205 3500 391 3570 comparent.
412 3504 506 3571 quam
516 3476 552 3573 fi
563 3480 634 3571 quis
646 3479 858 3572 negligendam
871 3478 982 3562 ducat,
998 3501 1069 3549 om·

104 3615 235 3680 nemque
255 3592 394 3659 bominis
410 3589 599 3678 felicitatem
620 3588 690 3659 recte
701 3587 858 3680 fac‘lorttm
884 3585 1070 3675 conscientia

100 3703 204 3772 metiri
222 3705 362 3791 relit,is
386 3723 458 3772 certe
479 3703 607 3773 divinat
632 3702 784 3794 bonores,
798 3699 854 3792 qui
873 3695 968 3770 claris
991 3695 1068 3807 ritis

993 3944 997 3951 ·
1071 3888 1168 3984 Ι·
