2348 4238
346 58 751 179 urssauxlvj
839 94 846 105 “
939 127 1014 215 Ι,7
1135 110 1142 137 ·

43 268 211 369 tqcramvis
224 268 313 343 enim
323 285 360 341 tu
372 292 489 366 magna
499 285 534 341 et
544 254 626 339 mihi
639 266 784 340 iucunda
797 260 960 363 scripseris
974 266 1017 339 de

53 386 101 457 D.
121 383 217 454 Bruti
227 382 373 453 adventu
384 382 424 452 ad
437 380 506 453 suas
519 381 687 476 legiones,
701 377 824 476 in'quo
840 379 928 474 spem
943 403 1018 450 ma·

58 494 189 564 ximam
204 490 334 564 video:
361 486 584 577 ramen,s1ell
601 487 727 559 bellum·
738 487 837 560 clvile
850 486 1021 577 futurum,

56 603 153 701 quod
166 620 255 675 certe
263 600 350 686 erir3
365 601 521 675 srSextus
531 600 673 671 inarmis
683 598 905 696 permanebit,
916 622 1018 695 quem

56 710 307 808 permansurum
327 709 391 807 elle
402 726 496 783 certo
509 708 599 793 sci0;
613 709 695 805 quid
714 706 811 778 nobis
828 706 1017 781 faciendum

57 819 129 908 est,
141 821 276 917 ignoro.
293 806 401 918 neque
417 821 509 893 enim
522 820 587 891 iam
609 818 742 908 licebit,
761 820 853 916 quod
872 818 1019 891 Caesaris

59 928 151 1001 bello
169 927 283 1016 licuit,
309 952 416 1024 neque
429 928 522 1016 huc,
543 951 651 1023 neque
670 925 757 997 illuc.
786 928 1017 1019 quemcunqud

59 1039 148 1111 enim
166 1037 247 1109 haec
260 1048 335 1133 pa'rs
353 1037 559 1133 perditorum
574 1036 727 1108 laetatum
742 1050 852 1133 morte
872 1032 1018 1107 Caesaris

59 1149 210 1246 putabit,
235 1146 417 1246 (laetitiam
437 1167 547 1221 aurem
564 1145 768 1245 'apertissime
788 1146 921 1217 tulimus
940 1172 1019 1218 om-

60 1278 119 1326 nes
130 1250 164 1350 ‚)
187 1254 276 1325 hunc
289 1253 324 1323 in
336 1253 482 1331 hoslium
501 1278 640 1326 numero
656 1253 786 1324 habebit
797 1278 805 1323 ε
818 1276 901 1350 quae
914 1279 965 1324 res
979 1252 1021 1324 ad

60 1364 197 1436 caedem
214 1363 391 1449 maximam
410 1364 547 1461 spedar..
559 1364 675 1452 rellar,
690 1380 726 1434 ut
744 1362 896 1435 incastra
911 1363 1022 1454 Sexti,

60 1491 129 1560 aur,
144 1471 166 1542 si
181 1469 286 1557 forre,
300 1474 391 1545 Bruti
401 1498 462 1545 nos
472 1472 696 1546 conferamus.
710 1480 762 1546 re's
775 1472 893 1545 odiosa
906 1494 940 1546 er
950 1474 1023 1546 alie·

61 1606 102 1652 na
121 1579 242 1653 uostris
254 1580 426 1670 aetatibus,
441 1592 474 1656 'er
488 1580 619 1653 incerto
629 1580 719 1654 exitu
732 1581 829 1668 belli;
844 1600 876 1656 ct
890 1583 1023 1679 nescio,

61 1720 131 1794 quo
148 1694 249 1791 pado
268 1693 328 1783 tibi
345 1717 418 1797 ego¹
431 1693 571 1791 pollim,
590 1692 673 1764 mihi
689 1710 726 1766 ru
749 1695 875 1781 dicere,

110 1820 119 1839 ⁶
174 1822 274 1879 Tearor
290 1818 374 1895 εμᾰν,
393 1806 469 1877 eaor
486 1814 610 1878 dedocet
629 1836 777 1897 πολεμηιω
793 1840 886 1901 crya,

174 1914 262 1973 Ama
281 1908 354 1991 συγ
372 1908 520 1988 sparvam
537 1931 684 1991 μετεςχεο
703 1932 776 1994 crya
794 1929 901 1993 λογοιο.
1005 1950 1012 1957 -

62 2021 119 2096 sed
136 2021 221 2121 haec
236 2020 305 2093 sors
318 2010 460 2107 viderit,
476 2046 512 2094 ea
524 2076 535 2109 ‚
547 2047 632 2122 quae
646 2023 762 2096 talibus
776 2010 810 2096 iri
820 2023 917 2095 rebus
936 2021 1026 2119 plus,

62 2156 162 2229 quam
179 2129 265 2203 ratio
275 2129 397 2226 potest.
416 2155 478 2205 nos
497 2149 607 2205 autem
619 2133 653 2204 id
669 2122 862 2221 videamus,
880 2134 974 2230 quod
992 2132 1026 2203 in

62 2239 260 2335 nobisipsis
281 2239 345 2328 'elle
364 2240 483 2330 deber,
495 2260 555 2331 -ut,
573 2236 743 2341 quidquid
758 2245 933 2332 acciderit,
952 2244 1027 2314 for·

64 2350 144 2421 riter
150 2370 186 2422 et
196 2348 359 2445 sapienter
366 2349 527 2439 seramus,
541 2370 576 2423 et
586 2350 740 2424 accidisse
751 2352 942 2426 hominibus
954 2379 1027 2427 me·

10 2466 13 2471 '
63 2455 282 2539 minerimus3
306 2464 435 2555 nosque
453 2482 530 2531 cum
553 2460 692 2532 multum
711 2450 844 2550 literae,
863 2483 935 2533 tum
957 2486 1028 2535 non

58 2568 253 2643 minimum·
268 2567 344 2639 Idus
367 2592 504 2666 quoque
527 2572 624 2641 Mart.
639 2571 870 2642 consolentur.
897 2568 1029 2666 Suscipe

63 2704 153 2751 nrmc
168 2701 282 2760 meam
293 2678 589 2773 deliberationem,
604 2674 668 2780 qua
680 2682 841 2781 sollicitor
856 2710 864 2755 ε
877 2683 922 2754 ira
937 2683 1027 2754 mul-

65 2788 258 2893 eveniunt
271 2788 319 2860 'in
341 2786 484 2862 men'tem
503 2792 538 2861 in
566 2811 739 2892 utramque
756 2813 892 2893 partem.
920 2791 1028 2889 proli-

32 2976 37 2987 ·
66 2896 196 2986 ciscor,
213 2917 251 2971 ut
270 2897 521 2988 constitueram,
542 2900 664 2999 legatus
685 2905 720 2973 in
740 2890 934 2975 Graeciam?
953 2924 1028 2976 cae·

68 3007 118 3081 dis
138 3005 362 3103 impendentis
377 3008 569 3104 periculum
589 3010 740 3083 nonnihil
763 3014 869 3086 vitare
879 3010 1030 3102 uideor,

70 3118 124 3197 sed
142 3118 278 3197 casurus
300 3118 334 3189 in
357 3120 502 3217 aliquam
525 3112 827 3215 vituperarioriem,
845 3124 936 3219 quod
959 3122 1027 3194 rei-

71 3227 218 3326 publicae
241 3223 417 3317 'defuerim
435 3249 504 3301 ram
534 3230 628 3325 gravi
656 3251 818 3326 tempore.
843 3229 891 3301 lin
917 3247 1028 3305 autem

74 3337 242 3424 mansero;
256 3337 331 3411 fore
352 3364 407 3410 me
423 3337 560 3436 quidem
579 3338 681 3412 video
701 3337 736 3409 in
755 3337 960 3428 discrimine,
974 3338 1030 3412 sed

78 3447 222 3519 accidere
239 3446 333 3544 polle
351 3446 515 3543 suspicor,
536 3466 573 3520 ut
590 3447 743 3544 prodesse
761 3445 881 3544 poffim
896 3448 1031 3546 reipub-

81 3551 162 3634 licae.
178 3560 246 3635 Iam
264 3556 319 3630 illa
334 3557 465 3633 consrlia
480 3558 607 3656 privata
622 3558 713 3651 sunt,
731 3559 825 3656 quod
839 3558 944 3633 sentio
958 3558 1030 3633 val·
1066 3605 1070 3610 -

10 3430 36 4025 l
