2348 4238
389 242 615 317 LIBER
662 242 843 316 ΚΝ·
1006 248 1052 323 61

91 405 127 483 in
141 403 273 480 familiis
286 403 403 478 nostris
415 405 604 479 arbitretur.
616 403 776 479 contendi
789 428 865 477 cum
874 406 908 477 P.
917 405 1057 500 Clodio,'

91 544 173 592 cnm
189 542 257 616 ego
271 516 435 613 publicam
449 516 595 604 causam,
609 515 663 587 ille
677 513 766 586 suam
780 513 979 601 defenderet.
989 544 1055 593 no·

92 628 172 702 liras
186 629 451 703 concertationes
466 627 646 724 respublica
659 624 861 700 diiudicavit.
877 627 900 697 fi
914 629 1055 724 viveret,

93 736 180 815 mihi
198 763 275 811 cum
297 736 355 808 illo
373 737 460 809 nulla
473 735 646 808 contentio
662 735 727 807 iam
744 754 898 817 maneret.
920 738 1055 832 Quare,

92 849 257 948 quoniam
276 847 382 922 hoca
402 871 456 918 me
477 846 521 919 fic
538 844 641 942 petis,
663 864 722 932 ut,
737 870 820 943 quae
839 865 895 919 tua
913 850 1055 944 potellas

92 960 161 1044 est,
179 984 220 1032 ea
241 984 340 1057 neges
358 975 392 1031 te
411 982 465 1029 me
487 957 600 1030 invito
622 956 776 1042 usinum3
795 983 899 1053 puero
920 985 1056 1060 quoque

93 1071 162 1144 boc
176 1094 197 1141 a
209 1093 264 1142 me
285 1069 398 1158 dabis,
410 1068 433 1140 li
447 1066 509 1139 tibi
523 1065 713 1139 videbitur:
730 1091 798 1138 non
816 1092 886 1164 quo
902 1090 957 1142 aut
968 1089 1056 1147 aetas

93 1176 206 1251 nollra
225 1178 268 1249 ab
287 1177 371 1249 illius
389 1196 494 1250 aetate
512 1176 694 1273 quidquam
713 1173 830 1247 debeat
850 1168 985 1272 periculi
1004 1181 1056 1253 su·
1118 1206 1121 1213 ·

91 1287 224 1385 spicari,
231 1305 288 1360 ant
294 1286 435 1384 dignitas
447 1309 518 1355 mea
532 1283 633 1359 ullam
645 1288 895 1357 contentionem
906 1285 1055 1361 extimes·

90 1418 163 1483 cat;
175 1397 234 1470 sed
245 1419 283 1469 ut
296 1392 583 1489 nosmetipfiinter
596 1417 657 1464 nos
675 1391 920 1465 coniundliores
932 1391 1054 1485 limus,

91 1535 194 1609 quam
205 1508 314 1582 adbuc
329 1504 461 1579 fuimus.
483 1504 764 1600 interpellantibus
778 1505 868 1576 enim
882 1504 931 1578 his
945 1504 1055 1578 inimi·

92 1623 202 1712 titiis,
214 1621 344 1693 animus
362 1642 437 1691 nius
451 1617 533 1689 milri
554 1620 658 1716 magis
676 1618 799 1714 patuit,
811 1643 911 1715 quam
924 1621 1056 1695 domne.

93 1730 158 1802 Sed
183 1730 264 1803 haec
286 1729 452 1803 hedenus.
483 1728 562 1801 illud
586 1749 795 1812 extremum3
816 1755 899 1827 ego,
915 1730 998 1828 quae
1019 1755 1055 1807 te

93 1838 202 1927 velle,
223 1860 374 1936 quaeque
395 1837 437 1911 ad
458 1859 492 1910 te
515 1837 677 1932 pertinere
696 1837 902 1928 arbitrabor,
927 1838 1054 1936 semper

94 1946 163 2020 stne
182 1946 249 2019 ulla
263 1946 470 2019 dubitatione
488 1945 616 2019 summo
631 1945 741 2019 studio
762 1945 891 2022 ficiam.
912 1948 979 2024 hoc
993 1973 1055 2025 ve·

93 2051 152 2125 lim
172 2051 235 2125 tibi
253 2053 384 2149 penitus
407 2051 611 2150 persuadeas.

283 2265 783 2366 crcaaonrsrco
820 2224 886 2355 s'

99 2512 155 2580 14.
166 2384 335 2565 lmen
346 2488 426 2561 dum
436 2489 552 2562 eadem
567 2486 624 2560 ista
638 2488 728 2587 milri.
751 2432 928 2567 coronarias
941 2495 1053 2588 Quin·

94 2620 148 2677 tus
164 2598 278 2673 noller
300 2601 479 2693 Parilibus}
502 2598 684 2673 Parilibus?
707 2601 861 2677 solusne?
884 2604 939 2676 etsr
959 2607 1053 2682 addis
1154 2657 1159 2665 ·

94 2714 263 2801 lamiam
283 2714 376 2813 qnod
394 2714 541 2795 demiror
557 2714 735 2812 equidem;
754 2716 808 2789 sed
822 2716 905 2792 scire
925 2719 1052 2814 cupio,

94 2824 152 2919 qui
174 2821 298 2897 fiterint
320 2823 394 2895 alii:
417 2820 614 2919 quan
636 2824 709 2896 satis
729 2824 797 2896 scio
812 2879 823 2912 ‚
839 2827 896 2898 nili
918 2827 1052 2923 impro·
1106 2868 1109 2874 ·

96 2931 173 3005 btmr
186 2932 365 3007 neminem.
384 2932 573 3030 explanabis
583 2934 683 3032 igitur
694 2934 760 3008 hoc
774 2938 968 3035 diligentins.
986 2963 1052 3035 ego

97 3064 205 3114 autem
227 3041 302 3115 casu
325 3067 402 3115 cum
423 3041 578 3113 dediffem
600 3043 641 3113 ad
660 3063 697 3114 te
719 3044 824 3115 literas
845 3066 887 3116 v1
909 3045 1050 3120 Kalend.

97 3150 168 3224 latis
180 3151 292 3224 multis
303 3151 435 3237 verbis,
447 3151 551 3223 tribus
563 3149 631 3223 fere
647 3153 738 3225 horis
751 3153 825 3247 poll
837 3154 949 3249 accepi
962 3173 1050 3250 tuas,

98 3283 129 3335 et
143 3262 257 3361 magni
273 3262 406 3359 quidem
421 3260 588 3359 ponderis
609 3261 720 3358 itaque
736 3263 811 3367 ioca
825 3284 880 3333 tua
895 3265 987 3359 plena
1002 3264 1059 3335 fa-

99 3373 273 3460 ceriarum,
296 3372 337 3443 de
356 3368 478 3444 haeresi
502 3369 710 3459 Vestoriana,
735 3390 768 3444 et
788 3372 829 3446 de
848 3375 1050 3448 Pherionum

101 3506 190 3556 more
209 3483 411 3568 Puteolano,
434 3480 533 3553 iisrlle
555 3508 609 3553 me
635 3482 727 3569 satis,
752 3483 833 3555 nibil
856 3483 902 3557 est
921 3474 1049 3560 necelle

103 3590 244 3693 scsibere.
262 3623 479 3686 nominum..
496 3591 552 3662 illa
569 3592 751 3666 videamus
769 3584 822 3666 'lta
835 3596 955 3668 brutos
971 3595 1050 3667 Cas·

105 3699 243 3805 fiuntque
258 3693 427 3792 delendis,
441 3702 598 3802 quatiens
609 3729 674 3804 ego
685 3705 922 3804 reprehendam
935 3759 948 3800 ,
962 3726 1050 3804 quos
