2348 4238
128 214 135 235 ’
202 158 428 303 munau
450 218 497 322 Q.
519 218 737 301 ιιιιιιιιι
759 180 839 302 ιιι.
860 219 899 301 ιι
987 247 1060 358 ιιιΙ

91 391 265 482 Gellium,
293 388 571 488 expostulationes
606 414 684 462 eum
714 389 847 463 absente
881 391 1057 488 Pompeio.

91 503 200 575 Causa
212 501 479 597 seropetorata,
494 498 668 572 sententias
687 499 720 587 se
742 510 940 598 rogaturum
954 527 1057 599 nega·
1075 514 1085 586 '.

92 615 166 705 vir,
189 639 232 687 ne
255 613 350 712 quod
370 637 456 685 onus
473 611 642 685 srmultatis
667 610 764 684 nobis
790 612 989 708 imponeret.
1016 633 1059 689 ex

91 724 306 822 superiorum
327 740 518 818 temporum
533 723 719 811 conviciis,
733 740 768 794 et
784 747 826 795 ex
839 723 997 820 praesenti
1013 725 1058 798 st·

93 824 316 930 lentio,‚quid
334 832 460 904 senatus
482 829 684 919 sentiret,se
702 828 881 927 intelligere
903 831 996 906 dixit.
1023 833 1060 905 in
1080 856 1084 863 ·

94 941 153 1014 illo
170 942 286 1063 coepit
299 940 473 1012 dimittere.
486 939 575 1009 Tum
584 937 812 1027 Marcellinus,
827 942 923 1030 Noli,
940 941 1063 1039 inquit,

95 1075 138 1122 ex
148 1048 371 1122 taciturnitate
385 1044 493 1119 nostra
502 1099 516 1135 ,
525 1051 633 1143 Lupe,
647 1047 730 1144 quid
742 1064 797 1118 aut
803 1050 985 1143 probemus
994 1053 1061 1124 boc

96 1177 270 1254 tempore,
284 1177 342 1228 aut
365 1155 593 1253 improbemur
600 1154 780 1261 ,iudicare
803 1159 893 1271 Ego,
906 1162 998 1256 quod
1019 1161 1062 1235 ad

98 1293 151 1341 me
164 1267 282 1340 attinet
291 1264 470 1362 idemque
479 1264 622 1337 arbitror
639 1281 793 1351 ceteros,
803 1250 931 1338 idcirco
948 1286 1063 1357 taceo,

98 1377 192 1473 quod
202 1400 273 1448 non
286 1367 452 1461 existimo,
463 1398 539 1446 cum
553 1372 733 1471 Pompeius
744 1374 839 1463 absrt,
853 1375 981 1448 causam
994 1381 1065 1476 agri
1113 1442 1117 1451 .

98 1483 266 1607 Campani
277 1483 329 1582 agi
343 1483 537 1556 convenire
561 1475 649 1554 Tum
667 1477 739 1569 ille,
754 1483 786 1556 se
805 1485 950 1558 senatum
964 1513 1065 1587 nega

99 1595 158 1668 vit
164 1614 290 1667 tenere.
305 1590 449 1663 Racrbus
458 1590 609 1681 surrexit,
617 1608 650 1664 et
659 1591 700 1664 da
712 1592 842 1666 rudrcru
855 1593 977 1667 referre
989 1620 1066 1668 coe·

100 1704 160 1800 pit.
188 1700 418 1774 Marcellinum
439 1696 574 1798 quidem
596 1702 740 1796 primum
763 1704 909 1800 rogavit
935 1707 964 1775 ιι
987 1729 1066 1778 cum
1138 1755 1146 1773 -.

100 1810 247 1910 graviter
263 1810 305 1881 de
321 1807 494 1882 Clodianis
509 1806 690 1898 incendiis,
705 1811 999 1901 nuntiationibus,
1013 1812 1065 1884 la·

102 1914 328 2014 pidationibus
346 1913 475 2012 questus
491 1914 592 2005 effer,
611 1916 806 1989 sententiam
827 1919 932 2004 dixit,
951 1941 988 1991 ut
1010 1921 1066 2014 ip-

103 2023 136 2098 se
152 2024 283 2097 iudices
299 2048 360 2119 per
375 2040 563 2120 praetorem
581 2024 742 2095 urbanum
762 2026 955 2112 sortiretur,
977 2027 1067 2098 iudi

104 2156 183 2207 cum
201 2132 376 2205 sortitione
396 2130 652 2229 salimcomitia
668 2132 890 2205 haberentur:
906 2159 964 2232 qur
954 2134 1068 2207 iudi·

105 2239 155 2312 cia
173 2234 416 2332 impedivisset,
432 2258 508 2306 eum
529 2245 645 2308 contra
663 2238 900 2333 rempublicam
922 2239 986 2312 effe
999 2239 1069 2315 sac·

105 2369 231 2440 ttrrum
257 2344 457 2442 Approbata
467 2344 561 2417 valde
583 2346 822 2434 sententia,C
843 2347 931 2420 Cato
951 2368 1069 2421 contra
1104 2334 1107 2340 ¹

107 2435 210 2549 dixit,
223 2474 257 2528 et
270 2454 414 2542 Cassius,
428 2454 571 2534 maxima
589 2457 825 2528 acclamatione
839 2457 977 2555 senatus,
991 2482 1070 2530 cunt

107 2564 247 2639 comitia
272 2549 401 2634 iudiciis
427 2561 612 2636 anteferret
636 2563 805 2684 Philippus
824 2534 953 2638 aslensri
981 2566 1069 2639 tan·

107 2675 193 2749 tulo.
224 2669 353 2744 Postea
363 2670 508 2742 Racilius
531 2671 572 2742 de
595 2670 732 2773 privatis
752 2697 806 2744 me
828 2673 974 2770 primum
995 2675 1071 2746 sen

107 2783 247 2863 tentiam
269 2779 410 2877 rogavit
437 2780 541 2850 Multa
563 2778 627 2853 seci
652 2781 756 2853 verba
775 2784 816 2854 de
838 2799 915 2888 toto
934 2781 1071 2866 surore,

108 2891 358 2988 latrocinioque
379 2893 414 2963 P
426 2891 563 2963 Clodii:
583 2917 680 2980 eum,
703 2911 858 2989 tanquam
880 2882 994 2980 reum,
1013 2917 1073 2963 ac·

109 2999 226 3085 cusavi
251 3000 361 3073 multis
379 3016 413 3073 et
429 3000 578 3075 secundis
592 3001 952 3073 admurmurationibus
970 3026 1074 3074 cunc-

109 3114 136 3185 ti
159 3112 300 3185 senatus·
322 3104 522 3185 Orationem
542 3135 651 3180 meam
673 3111 874 3188 collaudavit
893 3111 968 3182 satis
990 3111 1076 3199 mul·
1135 3163 1137 3169 -

111 3221 306 3309 tis'verbis,
325 3247 395 3293 ιιοιι
414 3219 602 3293 mehercule
629 3220 801 3311 indiserte,
818 3224 958 3293 Severus
982 3220 1077 3297 Anti*

112 3333 212 3416 liius;
231 3332 325 3431 isque
347 3332 549 3422 iudiciorum
569 3332 698 3403 causam
719 3331 879 3430 suscepit,
896 3328 1079 3419 antiquislig·
1137 3394 1142 3403 ,

112 3469 271 3542 mamque
282 3445 314 3518 se
323 3444 510 3543 habitururn
520 3443 612 3516 dixit.
628 3442 737 3517 ibatur
750 3446 864 3515 ineam
876 3442 1079 3516 seutentiam.

111 3559 205 3630 Tum
221 3554 363 3643 Clodius
372 3561 522 3650 rogatus,
537 3554 624 3626 diem
637 3554 784 3627 dicendo
800 3552 941 3624 eximere
956 3548 1079 3651 coepit.
1099 3607 1102 3615 .

110 3669 262 3757 furebat,
272 3691 293 3745 a.
305 3666 477 3741 Racilio-se
490 3669 731 3757 contumaciter
742 3663 968 3836 intulplaneque
977 3682 1080 3765 verrat·v

394 3806 397 3813 ·
807 3817 809 3821 .
867 3784 888 3832 ι
