2348 4238
121 265 248 357 250,
369 258 812 339 EPISTOLAE

118 449 276 517 metuant,
287 438 382 522 quam
398 428 611 516 meminerint,
623 430 700 522 quia
714 431 888 503 Antonius
905 434 993 505 siuet
1003 487 1013 520 ,
1025 446 1067 505 et*
1104 478 1106 489 ·

116 532 222 637 quein
236 536 396 635 armisfit.
410 542 465 609 De
491 540 617 630 Caesare
631 567 721 628 vero,
740 545 829 633 quod
839 543 1023 636 fieripotttit
1041 571 1068 614 tt
1104 592 1106 605 ·

115 655 238 737 debuit,
251 648 442 720 transadum
456 651 495 751 es
503 676 520 734 ,·
532 676 626 743 neque
639 653 704 719 iam
725 655 862 723 revocari
876 655 912 722 in
936 656 1066 751 integrum
1104 672 1106 708 ἱ

110 766 217 868 potes.
234 764 385 837 Oilavitts
397 766 425 836 is
439 765 493 863 esl,
508 767 563 858 qui
578 765 705 857 quidde
718 767 809 835 nobis
824 766 1066 865 iudicatumst,
1104 778 1106 815 ³

114 874 260 972 exspaltt
273 880 409 970 populus
422 876 611 948 Romanus?
631 902 691 945 nos
715 878 749 944 bi
756 876 894 968 sumus,
906 880 943 947 de
956 872 1066 972 quoium
1103 890 1106 907 ¹

104 987 212 1079 filute
224 1010 307 1055 unus
319 985 411 1056 bomo
424 987 582 1080 rogandus
596 987 754 1056 uideatur?
770 988 843 1081 Ego
857 1013 949 1074 uero,
962 1010 997 1057 ut
1008 988 1067 1089 istc

114 1118 268 1184 revertar,
290 1099 318 1167 is
331 1095 430 1187 sum,
445 1099 499 1189 qtti
522 1096 600 1165 non'
613 1099 707 1171 modo
733 1122 801 1167 non
822 1097 1016 1191 supplicem,
1024 1099 1069 1190 sel

113 1209 206 1277 etiam
220 1230 367 1277 coerceam
376 1205 589 1305 postulantes,
605 1204 709 1298 utfibt'
714 1205 916 1299 fitpplicetur.
934 1212 1006 1278 Aut
1015 1212 1067 1278 lon

109 1343 147 1411 ge
157 1316 395 1408 astrrientibus
408 1316 516 1402 abero,
529 1314 664 1407 miliique
682 1312 737 1413 effe
755 1317 901 1386 iudicabo
920 1319 1065 1403 Romam,
1104 1328 1106 1335 '

112 1424 284 1514 ubicunque
297 1422 424 1490 liberum
437 1416 493 1515 ese
504 1424 623 1490 licebit:
637 1446 676 1491 ac
687 1422 774 1522 uestri
787 1421 963 1514 miserebor,
974 1427 1066 1518 quibus
1102 1438 1106 1445 '

110 1556 389 1623 uecaetas,neqtte
412 1528 563 1617 bonores,
577 1557 672 1623 neque
689 1534 790 1621 uirtus
814 1536 922 1604 aliena
942 1535 1064 1606 dulcedi·
1103 1602 1107 1614 ,

109 1666 180 1709 nem
204 1640 328 1709 uireruli
354 1639 489 1707 minuere
503 1645 647 1731 potuerit.
670 1640 759 1708 Mihi
782 1641 905 1732 quidem
930 1646 980 1711 ita
1004 1644 1062 1737 bea·
1100 1661 1107 1724 ,t

110 1774 162 1820 tus
188 1745 244 1846 ese
261 1750 383 1818 videbor
393 1799 403 1834 ,
406 1746 445 1845 fi
459 1751 551 1817 modo
568 1749 741 1848 constanter
765 1770 803 1817 ac
820 1773 969 1843 perpetuo
976 1756 1065 1843 place·
1100 1770 1107 1809 '-

109 1860 157 1927 bie
183 1861 239 1928 bot
257 1855 437 1953 confilium,
459 1877 495 1926 tet
529 1863 656 1926 relatam
672 1879 779 1951 putem
802 1859 947 1952 gratiam
970 1854 1064 1949 pietati
1099 1880 1104 1913 τ

109 1991 201 2036 meae.
223 1968 316 2059 Quid
326 1968 411 2035 euim
432 1965 473 2066 es
491 1968 624 2052 melius,
638 1992 731 2058 quam
754 1970 904 2036 memoria
919 1968 991 2037 recte
1006 1969 1065 2058 fiio
1099 1965 1107 2029 ἕ

108 2100 209 2146 torum
220 2127 231 2163 ,
243 2098 272 2145 et
289 2078 423 2145 libertate
448 2098 626 2145 contentum
654 2080 798 2172 negligere
820 2080 1001 2150 bumana?
1020 2076 1066 2147 Sel

109 2208 182 2255 certe
212 2213 280 2256 non
297 2188 501 2278 succumbam
521 2187 815 2277 succumbentibus,
829 2216 886 2258 nec
911 2192 1023 2260 vincar
1036 2191 1064 2256 ab

107 2296 168 2380 iis,
178 2296 274 2388 quise
288 2297 373 2364 uinci
388 2302 498 2366 volunt
511 2323 525 2379 ;
538 2299 748 2390 experiarque,
761 2320 789 2366 et
808 2303 936 2368 tentabo
950 2303 1061 2383 omnia;
1097 2366 1107 2395 r

106 2429 201 2495 neque
212 2403 349 2501 clessam
361 2403 525 2503 abstrahere
538 2404 695 2494 aservitio
708 2408 868 2475 civitatem
884 2410 1027 2508 nostram.
1037 2408 1064 2474 si
1097 2398 1107 2428 ²

99 2515 207 2608 secuta
217 2516 333 2603 suerit,
345 2541 423 2606 quae
436 2512 683 2603 debet,s0rt1trta
698 2542 712 2597 ;
724 2517 931 2607 gaudebimus
946 2539 1062 2585 omnes:

93 2624 152 2725 fin
168 2627 272 2693 minus
283 2677 294 2709 ,
305 2651 357 2717 ego
371 2648 476 2692 tamen
489 2626 636 2716 gaudebo.
655 2625 765 2714 quibus
779 2626 864 2691 enim
878 2629 989 2717 potius
1006 2628 1061 2693 haee

107 2743 174 2808 uita
191 2737 310 2826 ferclis,
327 2758 383 2803 aut
410 2737 652 2829 cogitationibus
674 2738 878 2822 traducatur,
893 2767 988 2831 quam
1010 2742 1059 2823 iis,

105 2876 183 2942 quae
190 2848 400 2941 pertinuerint
413 2850 458 2914 ad
469 2849 645 2915 liberandos
666 2849 746 2916 cives
762 2848 873 2917 meos?
889 2851 933 2917 Te
946 2902 957 2937 ,
970 2851 1062 2928 Cicero,
1100 2901 1107 2945 ,

107 2985 179 3052 rogo
191 2983 283 3051 atque
293 2958 416 3043 ¹ltortor,
430 2984 468 3024 ne
480 2957 662 3051 defatigem,
673 2984 733 3025 neu
750 2958 877 3052 diffidas
887 2959 1025 3051 :semper
1034 2961 1060 3024 irt
1098 3000 1107 3047 t

101 3069 309 3161 praesentibus
322 3069 418 3136 malis
431 3069 647 3159 prohibendis,
656 3067 772 3164 futura
786 3095 927 3161 quoque,
941 3068 1004 3166 nfi
1011 3095 1059 3136 art·

107 3181 184 3276 tefit
197 3181 352 3270 occursum
366 3234 378 3266 ‚
391 3187 548 3272 explores,
563 3207 601 3248 rte
607 3181 646 3271 se
659 3178 839 3276 infinutnt:
858 3182 977 3270 fortem
992 3204 1016 3249 et
1030 3179 1059 3246 li·
1102 3233 1108 3253 ,

107 3294 206 3358 berum
221 3292 363 3360 animum
375 3341 385 3371 ,
400 3315 460 3378 quo
474 3311 503 3355 et
517 3288 645 3377 confitl,
660 3310 688 3354 et
701 3314 786 3356 nunc
805 3290 980 3379 consularis
997 3315 1058 3357 rem·

102 3405 259 3494 pttblicam
287 3401 455 3497 vindicasti
474 3453 485 3485 ,
502 3397 575 3495 fine
604 3399 777 3497 constantia
805 3423 835 3467 et
859 3404 1058 3492 aequabilitate

107 3516 228 3578 nullutn
248 3508 301 3606 ese
316 3512 451 3602 putaris.
472 3513 584 3579 Fateor
595 3512 698 3593 enirn,
711 3509 863 3576 duriorem
890 3506 948 3605 esse
968 3508 1057 3579 condi·
1103 3506 1108 3517 ’

106 3621 220 3689 tionem
226 3621 381 3711 speciatae
401 3621 550 3705 virtutis,
565 3645 659 3708 quarn
687 3621 883 3712 incognitae„
899 3616 1055 3707 Benesailt
1100 3696 1105 3715 Ι

101 3754 160 3820 pro
181 3730 291 3801 debitis
310 3731 494 3824 exigimus:
510 3733 590 3820 qttuc'
604 3729 696 3796 aliter
721 3729 888 3821 eueniunt,
901 3753 938 3799 ut
961 3723 1055 3819 decepti
1100 3794 1103 3807 ‚
