2348 4238
263 182 567 307 ‘arara
616 230 663 306 u
903 239 975 338 189,

82 390 173 469 enim
186 390 374 493 placuerat)
389 414 423 467 et
436 392 581 466 tabulam
595 390 798 492 proscripsit,
811 400 853 470 Se
860 401 969 492 fimi.
1059 362 1064 371 ’

99 509 316 577 Catonianam
327 508 536 578 vendoaram.
561 510 598 578 ln
610 531 683 580 eam
697 508 842 580 tabulam
858 512 968 609 magni

92 616 394 711 consequebantur.
410 586 510 705 llunc
519 616 793 716 igiturCatonem
806 621 967 696 Lentulus

84 724 160 797 ibus
171 724 323 799 removit
335 749 355 814 ,·
370 747 403 797 et
417 748 497 812 eos,
515 725 633 824 quide
652 726 794 801 Caesare
820 729 970 806 monstra

82 837 272 937 nulgarunt,
285 838 406 936 quibus
418 838 636 912 intercederet
645 862 756 912 nemo.
771 841 859 913 Nam
875 845 979 940 quod!

82 951 220 1048 ompeio
235 950 395 1023 Caninius·
405 951 488 1048 agit,
501 948 684 1049 sanequam
698 948 837 1025 refrixit.
857 977 967 1053 neque

82 1086 88 1129 ι
101 1083 155 1145 res
170 1059 353 1156 probatur,
367 1078 400 1130 et
413 1056 592 1154 Pompeius
604 1055 716 1130 noller
728 1057 764 1128 in
777 1059 922 1134 amicitia
932 1064 969 1138 P.

82 1170 133 1243 uli
148 1161 385 1268 numeratur,
407 1189 441 1242 et
458 1168 594 1243 hercule
611 1193 683 1241 non
702 1167 748 1241 est
760 1168 865 1243 idem.
891 1199 968 1247 nam

82 1278 183 1351 rillam
193 1277 441 1376 perditissimam
452 1295 550 1376 atque
562 1274 711 1353 infimam
721 1277 847 1351 faecem
857 1306 967 1380 popu·

82 1410 195 1484 ropter
208 1388 395 1476 Milonem,
412 1384 614 1460 suboffendit
628 1413 644 1477 ;Ι
652 1405 687 1461 et
701 1385 783 1459 boni
808 1390 967 1464 multaab

82 1496 259 1582 efiderant‚
280 1497 385 1568 multa
398 1495 652 1592 reprehendunt.
683 1496 892 1572 Marcellinus
905 1524 967 1572 au·

82 1608 148 1679 hoc
159 1629 231 1679 uno
242 1602 327 1677 mihi
343 1602 478 1702 quidem
492 1627 563 1676 non
576 1601 758 1694 satisfacit,
779 1607 874 1703 quod
889 1633 968 1683 eum

82 1741 98 1788 s
113 1714 371 1812 asperetraslat:
387 1719 588 1812 quamquam
602 1714 636 1784 id
649 1712 761 1785 senatu
772 1740 842 1787 non
855 1717 967 1794 invito

90 1851 99 1925 ς
114 1848 188 1928 quo
201 1847 266 1922 ego
289 1812 343 1895 me
355 1823 510 1896 libentius
525 1822 648 1896 acutia
664 1841 696 1896 et
709 1825 752 1896 ab
766 1826 862 1897 omni
875 1848 969 1922 parte

82 1935 200 2010 ablicae
216 1933 384 2008 subtraho.
399 1932 436 2003 ln
447 1931 614 2019 iudiciisii
630 1933 825 2031 sumus,qni
837 1935 971 2030 suimus,

82 2070 121 2118 us
142 2044 329 2118 celebratur
344 2043 410 2127 ita,
424 2062 461 2114 ut
475 2066 553 2114 cum
567 2042 724 2119 maxime.
750 2034 864 2116 Unum
877 2048 969 2121 acci·

82 2151 299 2249 ,mprudentia
318 2138 456 2224 Milonis
480 2150 720 2240 incommode,
738 2153 778 2222 de
799 2151 871 2241 Sex.
891 2156 973 2226 Clo·

98 2282 205 2354 quem
221 2281 331 2354 neque
344 2258 410 2328 hoc
427 2275 602 2354 tempore,
616 2283 724 2357 neque
745 2261 786 2332 ab
797 2260 970 2340 imbecillis

82 2367 245 2440 latoribus
269 2364 351 2436 mihi
375 2364 497 2461 placuit
518 2368 671 2440 accusari.
695 2370 726 2440 ei
750 2389 816 2441 tres
838 2369 970 2444 senten·
1083 2390 1090 2416 ¹

82 2478 288 2550 taeterrimae
314 2477 349 2547 in
365 2474 503 2547 consilio
517 2475 702 2550 defuerunt.
731 2482 844 2574 ltaque
863 2477 972 2552 homi·
1060 2474 1066 2486 ⁹

86 2574 233 2682 populu's
245 2603 387 2659 revocat
399 2638 410 2674 ,
436 2602 470 2656 et
482 2586 667 2659 retrahatur
682 2586 809 2660 necesse
821 2585 876 2660 est.
900 2614 971 2667 nou
1054 2668 1060 2681 .

82 2695 212 2770 ,serunt
234 2697 397 2769 nominee.
419 2714 453 2768 et
475 2695 663 2794 quia‚cum
681 2697 768 2796 apud
783 2696 857 2769 suos
872 2697 966 2771 dice·
1020 2686 1025 2697 ’
1054 2692 1056 2697 ’

82 2831 187 2905 paene
203 2794 373 2880 damnatus
385 2805 453 2897 cll,
477 2806 602 2879 vident'
615 2808 815 2881 damnatum.
837 2811 883 2880 Ea
897 2807 968 2905 ipsa

90 2918 247 3013 Pompeii
261 2915 400 2989 offensio
411 2918 508 2990 nobis
521 2916 659 2992 obstitit.
675 2918 861 2992 senatorum
876 2921 967 2992 enirn

90 3027 232 3125 copiose
254 3028 420 3130 absolvit,
444 3029 594 3124 equitum
606 3026 817 3124 adaequavit,
841 3026 966 3102 tribuni
1041 3027 1043 3032 ’

82 3140 113 3212 ii
127 3130 399 3212 condemnarunt.
418 3140 481 3209 Sed
493 3137 559 3208 hoc
570 3136 827 3210 incommodum
841 3139 967 3212 conso·

82 3276 106 3322 rr
116 3247 329 3346 quotidianae
342 3236 569 3320 damnationes
581 3243 794 3319 inimicorum
807 3300 818 3336 ‚
842 3249 876 3319 in
888 3248 971 3345 qui-‚-¹

82 3383 135 3433 me
154 3357 345 3455 perlubente
365 3356 500 3429 Servius
519 3353 625 3428 allisus
637 3354 708 3444 est,
725 3357 834 3430 ceteri
854 3359 970 3432 conci·

82 3483 132 3541 u'r.
152 3469 192 3540 C.
203 3467 292 3538 Cato
305 3467 524 3539 concionatus
532 3464 588 3543 est
601 3517 612 3554 ,
625 3466 761 3542 comitia
772 3467 884 3541 haberi
897 3495 968 3544 non

82 3603 158 3666 nn,
179 3577 203 3649 sr
217 3575 275 3648 fibi
288 3602 364 3649 curn
376 3577 506 3674 populo
519 3576 588 3647 dies
607 3576 725 3674 agendi
741 3578 842 3648 essent
854 3605 968 3653 exem·

82 3674 365 3795 ppiusaCaesae
377 3689 531 3763 nondum
547 3685 698 3779 redierat
725 3686 815 3762 Tuas
822 3689 969 3768 'mirifice
