2348 4238
40 158 42 162 ὗ
112 228 185 317 ‘¹54
240 210 968 311 -nrnrotmuunnornnrnau

15 371 18 376 ’
114 379 219 451 domo
237 376 374 477 quidem
391 398 425 453 et
443 377 599 452 cubiculo
619 377 687 451 effe
701 376 870 473 exclusam
887 334 976 465 tuo}
996 390 1064 452 tote

114 489 257 587 denique
278 486 421 585 imperio
442 487 524 561 nihil
541 489 696 562 acerbum
711 487 795 576 effe,
812 485 897 560 nihil
918 486 1063 576 ennete,

113 615 213 697 atque
232 599 345 671 omnia
367 598 463 694 plena
485 597 696 695 clementiae,
715 596 998 688 mansuetudinis,
1012 596 1065 675 hu

55 718 97 802 9
114 706 287 779 manitatis.
298 708 471 799 Quantum
484 731 568 781 vero
581 706 664 778 illud
676 705 724 779 est
740 704 1064 795 beneficiumtuum,

113 818 208 915 quod
226 817 345 914 iniquo
364 833 397 889 et
421 816 516 915 gravi
535 816 957 915 vectigaliaedilitiorun,
979 840 1064 913 mag·

113 928 164 1000 nis
182 926 298 999 nostris
314 925 546 1012 simultatibus,
561 926 669 999 Anam
680 924 848 1001 liberasti?
870 926 1064 1015 Enimvero,

28 1026 33 1037 ’
113 1035 234 1108 srunus
253 1037 359 1107 homo
373 1035 493 1108 nobilis
513 1036 665 1161 queritur
684 1035 813 1133 palam,
815 1057 882 1124 te,
897 1033 1064 1133 quodedi·

113 1145 219 1234 xeno,
239 1151 288 1218 Ne
302 1151 347 1218 ed
357 1152 447 1219 ludos
460 1174 610 1240 peoumae
619 1150 860 1234 doceremur,
879 1145 928 1216 H·
928 1146 1019 1218 Sec
1029 1142 1065 1215 sr·

114 1253 149 1327 bi
165 1253 338 1350 eripuiffe3
360 1271 482 1374 quanta
497 1252 632 1325 tandem
654 1251 795 1349 pecunia
813 1253 1036 1351 penderetur,
1044 1247 1065 1321 ti

114 1361 265 1433 omnium
280 1361 440 1446 nomine,¹
449 1361 640 1458 quicunque
657 1364 786 1437 Rornae
797 1363 896 1435 ludos
909 1360 1065 1446 facerent,

113 1467 1064 1569 quoderatiaminstitutum,erogareturiQuamquamhat

114 1581 265 1678 querelas
292 1578 467 1651 hominum
489 1577 678 1651 nostrorum
699 1579 758 1651 ilio
779 1579 920 1661 consilio
931 1575 1064 1677 oppres·

19 1734 22 1741 ·
113 1688 231 1776 fimus,
250 1689 368 1785 quod
359 1714 396 1758 1n
410 1689 483 1760 Asia
501 1688 698 1788 nescioquo
714 1689 841 1776 modo,
861 1691 992 1760 Romae
1004 1686 1064 1783 qui·

115 1800 190 1870 dem
206 1822 274 1871 non
287 1792 449 1869 mediocri
461 1823 538 1870 cunr
551 1798 772 1871 admiratione
784 1797 948 1886 laudamr,
960 1795 1065 1901 quod,

114 1932 191 1980 cum
217 1907 258 1979 ad
281 1906 442 2029 templum
464 1924 786 2005 monumentumque
811 1906 1015 1979 nostrum
986 1906 1063 1980 crvi-

49 2068 55 2116 3
114 2031 195 2088 tates
215 2015 373 2140 pecunias
389 2013 622 2104 decrevissent,
637 2039 780 2141 cumque
792 2013 846 2103 id,
866 2032 901 2088 et
915 2039 979 2111 pro
991 2013 1065 2089 meis

12 3798 96 3984 n

114 2124 241 2222 magnis
262 2125 406 2213 meritis,
422 2144 456 2200 et
467 2151 530 2222 pro
544 2126 608 2199 tuis
622 2127 774 2200 maximis
788 2122 979 2225 beneficiis,
992 2126 1064 2200 sum

114 2260 168 2308 ma
186 2234 239 2307 sua
254 2236 424 2308 voluntate
445 2235 615 2323 feciffent,
634 2235 897 2331 nominatimque
916 2236 972 2308 lex
989 2233 1065 2308 exci-

113 2363 227 2441 peret,
245 2350 294 2417 Ut
307 2350 351 2415 ad
366 2349 511 2437 templum
531 2368 821 2439 monumentumque
832 2369 938 2436 capere
949 2349 1042 2416 liceret
1050 2372 1064 2431 ς

114 2479 255 2551 cumque
278 2455 333 2542 id,
355 2454 448 2552 quod
470 2454 626 2541 dabatur,
643 2479 719 2525 -non
742 2453 819 2526 effer
839 2453 1064 2544 interiturum,

114 2563 169 2637 sed
185 2567 219 2636 in
240 2567 439 2638 ornamentis
462 2567 578 2660 templi
594 2564 762 2651 futurum,
776 2581 812 2637 ut
827 2589 897 2637 non
918 2564 1000 2636 mihi
1011 2589 1064 2660 po·

114 2675 197 2763 tius,
211 2701 309 2772 quam
323 2675 450 2771 populo
461 2677 634 2758 Romano,
649 2699 687 2746 ac
696 2674 762 2745 diis
772 2673 1065 2749 immortalibusde·
1097 2702 1104 2757 ’ἰ

114 2805 186 2856 tum
209 2784 405 2867 videretur3
427 2800 535 2854 tamen
548 2784 649 2871 id‚in
662 2809 733 2882 quo
744 2801 815 2855 erat
835 2782 995 2878 dignitas,
1007 2798 1066 2856 erat
1102 2774 1104 2785 ¹

114 2893 180 2982 lex,
189 2913 259 2967 erat
271 2890 475 2989 'eorum‚qui
485 2890 661 2979 faciebant,
669 2894 834 2979 voluntas,
843 2891 1065 2987 accipiendum
1102 2912 1104 2923 ·

114 3030 184 3077 non
197 3005 335 3101 putavi3
350 3029 426 3077 cum
441 3002 509 3076 aliis
524 3003 565 3075 de
581 3002 701 3092 causis,
715 2996 785 3076 tum
797 3003 896 3075 etiam
910 3022 949 3075 ut
960 3004 1066 3076 animo

116 3116 270 3211 aequiore
291 3114 413 3188 ferrent
434 3113 480 3203 ii,
503 3114 622 3212 quibus
646 3138 707 3186 nec
728 3115 1066 3205 deberenu,necli·

115 3242 213 3296 cerer.
256 3227 472 3320 Quapropter
500 3223 658 3295 incumbe
682 3240 758 3294 toto
777 3221 890 3294 animo
912 3244 948 3296 et
967 3223 1066 3296 studio

115 3334 210 3407 omni
229 3335 263 3407 in
280 3359 353 3406 eam
370 3333 532 3406 rationem
545 3363 568 3418 ‚·
579 3358 644 3430 qua
659 3325 765 3404 adhuc
778 3331 852 3404 usus
868 3353 931 3418 es,
943 3354 984 3406 ut
995 3357 1068 3419 eosq

115 3465 201 3539 quos
216 3460 290 3513 tuae
308 3440 385 3514 fidei
404 3441 621 3538 potestatique
634 3441 762 3512 senatus
777 3441 993 3538 populusque
1007 3445 1067 3515 Ro·
1102 3534 1104 3539 Ι

117 3576 235 3624 manus
249 3552 413 3625 commisit
424 3571 457 3624 et
471 3550 630 3635 credidit,
643 3547 759 3645 diligas
770 3572 826 3634 ,et
840 3550 937 3622 omni
948 3550 1067 3622 ratione
1102 3630 1104 3639 ¹

118 3678 253 3756 tueare,
276 3679 312 3736 ut
330 3662 396 3738 effe
419 3683 520 3762 quam
541 3658 748 3734 beatiffimos
764 3660 860 3739 veiis,
891 3660 1068 3754 Quodfite
