2348 4238
8 188 11 194 ’
111 235 160 324 4⁶
269 190 603 316 aritsromuunt
618 226 685 333 nt)
711 247 925 324 amr-cun

302 441 541 515 ctceuo
579 442 829 518 arrrco·
860 451 893 523 s.

115 676 144 725 1.
161 553 258 725 D
263 648 474 720 EVERTI
491 648 534 720 ad
554 648 667 742 illurn,
682 653 723 726 de
741 680 812 753 quo
832 680 946 730 tecum
967 685 1073 735 mane.

108 759 193 837 nihil
211 758 396 855 perditius:
415 760 572 861 explicari
593 787 665 835 rem
684 789 755 837 non
776 767 880 862 posse.
904 773 1030 844 etenim
1049 774 1072 845 fi

78 960 80 964 Ι
108 872 162 946 iile
175 869 233 942 tali
247 867 383 967 ingenio
392 869 519 943 exitum
533 894 603 941 non
616 874 823 970 reperiebat,
834 877 907 976 quis
920 907 1010 955 nunc
1024 906 1073 957 re·

107 981 238 1080 periet?
263 979 344 1077 quid
364 979 517 1078 quaeris?
540 981 670 1076 periisse
692 986 808 1057 omnia
829 988 956 1077 aiebat3
976 976 1069 1090 quod

107 1091 196 1163 haud
210 1088 280 1161 scio
293 1111 335 1158 an
349 1088 395 1158 ita
413 1087 473 1171 sit:
490 1113 608 1187 verum
622 1092 677 1165 ille
692 1095 859 1191 gaudens3
872 1098 1070 1176 affirmabat·

107 1228 173 1302 que
194 1199 302 1270 minus
323 1196 439 1270 diebus
459 1216 515 1275 xx
535 1202 716 1275 tumultum
736 1205 926 1280 Gallictun:
949 1210 985 1282 in
1006 1212 1068 1285 ser*

105 1335 244 1385 monem
259 1307 291 1378 se
310 1306 481 1404 posttldus
498 1312 596 1382 Mart.
610 1336 840 1412 praeterquam
856 1319 995 1414 Lepidi,
1009 1346 1068 1395 ve-

56 1499 59 1505 ,
102 1422 184 1495 trisse
207 1419 373 1491 neminis:
394 1419 436 1488 ad
457 1418 616 1490 summam
631 1473 642 1509 ‚
657 1445 737 1493 -non
760 1423 855 1519 posse
877 1426 999 1503 isthaec
1025 1429 1066 1504 fic

100 1531 204 1606 “abire
222 1534 258 1601 Ο
280 1528 474 1624 prudentem
492 1529 665 1624 Oppium,
688 1530 748 1628 qui
766 1531 872 1606 nihilo
895 1536 1066 1613 minutil-

6 1728 10 1734 ,
102 1644 174 1715 lum
190 1638 376 1722 desrderat;
399 1635 454 1708 sed
471 1636 621 1734 loquitur
638 1639 740 1728 nihil,
755 1643 850 1738 quod
864 1667 1064 1746 quemqum

101 1750 229 1824 bonum
251 1745 487 1820 offendan'sed
514 1746 595 1819 haec
619 1746 784 1822 haetenus.
817 1751 899 1838 Tu,
919 1756 1064 1852 quaeso,

100 1858 266 1961 quidquid
287 1858 370 1932 novi
393 1854 641 1956 (multaautem
654 1858 835 1963 exsperto)
857 1863 1002 1940 scribere
1022 1893 1064 1942 ne

10 1966 17 1981 ’
100 1973 240 2071 pigrere.
254 1971 290 2043 in
304 1968 377 2058 his,
392 1969 432 2039 de
446 1967 547 2056 Sexto
562 1967 679 2045 satisne
692 1988 837 2059 certum3
849 1975 994 2048 maxime
1007 2002 1062 2051 au·

97 2101 165 2158 tem
184 2084 225 2155 de
240 2083 344 2155 Bruto
362 2077 476 2150 nostro
490 2100 500 2145 ε
515 2078 557 2151 de
572 2103 643 2176 quo
664 2079 799 2178 quidem
814 2080 889 2179 iile,
902 2082 945 2156 ad
962 2109 1060 2184 quem

97 2192 248 2279 deverti,
263 2188 435 2262 Caesarem
450 2185 582 2260 solitum
597 2188 727 2279 dicere,
745 2194 864 2287 Magni
886 2195 994 2286 refert,
1014 2199 1058 2267 hir

27 2372 28 2377 ,
97 2305 174 2392 quid
184 2304 257 2372 tulit
266 2327 280 2372 .·
285 2298 346 2386 sed
362 2300 517 2386 quidquid
526 2304 609 2371 volet
619 2352 629 2386 ‚
641 2305 730 2370 vante
743 2307 824 2373 volet
836 2328 849 2372 .·
863 2301 968 2399 idque
980 2329 1057 2377 eum

97 2403 380 2491 animaduertisse,
398 2428 475 2474 cum
496 2428 561 2500 pro
578 2404 889 2496 Deiotaro-Nicea
911 2407 1057 2482 diceret:

64 2568 67 2573 ,
97 2519 194 2595 valde
205 2517 420 2593 vehementer
435 2539 512 2587 eum
527 2514 632 2588 visum
647 2536 681 2587 et
694 2510 797 2586 libere
815 2514 942 2605 dicere:
960 2535 1055 2617 atque

55 2701 59 2710 ,
93 2630 193 2703 etiam
204 2625 259 2726 (ut
272 2627 360 2707 enim
371 2624 519 2722 quidque
531 2623 705 2713 succurrit,
717 2620 796 2696 libet
808 2614 968 2724 scribere)
979 2628 1054 2725 pr'o·

93 2739 204 2825 xime,
218 2762 294 2809 cum
308 2735 409 2820 Sextii
426 2755 545 2832 rogatu
565 2735 655 2829 apud
669 2758 744 2806 eum
759 2729 890 2805 fuissem
900 2732 1054 2829 ,exspec-

92 2852 264 2943 taremq'ue
274 2845 413 2934 sedens,
429 2845 541 2943 quoad
550 2857 711 2932 vocarer,
725 2839 842 2915 dixisse
866 2864 966 2930 eum,
982 2847 1052 2940 Ego

92 2958 321 3048 dubitem-quin
332 2956 519 3051 summo'r'n
537 2954 608 3023 odio
615 2951 705 3050 βιη,
722 2978 791 3022 rum
809 2952 860 3020 M.
883 2951 988 3021 Cicero
998 2954 1050 3045 se,-

91 3067 181 3150 dcat,
200 3089 254 3133 mc
267 3064 332 3154 suo
343 3065 507 3133 ¹commodo
525 3087 572 3132 me
590 3061 751 3133 conuenire
770 3057 893 3155 pqffir?
923 3064 1014 3154 atqui
1018 3059 1053 3160 β

90 3179 257 3269 quisquam
271 3173 311 3272 ιβ
323 3173 733 3272 βιιίἰὶι,,1ιίιιβ.·ιαηιιη
752 3195 817 3239 non
837 3162 1046 3264 dubito‚'quin
1102 3263 1104 3269 Ι

21 3311 25 3324 ’
91 3312 139 3355 nu
153 3290 233 3357 nau
246 3287 350 3355 oderit.
372 3283 464 3355 Haec
477 3299 511 3354 et
524 3278 813 3363 eiusmodirnulta.
838 3278 904 3350 Sed
918 3279 959 3350 ad
972 3282 1044 3385 pru·

89 3389 244 3486 posrtum.
256 3387 418 3488 quidquid
429 3388 493 3460 erit
504 3412 574 3460 non
587 3388 694 3459 modo
706 3402 875 3485 magnum,
888 3384 1043 3471 sedetiam

89 3501 253 3596 parvum,
272 3497 402 3584 scribes.
429 3496 584 3596 equidem
608 3495 690 3581 nihil
710 3493 939 3570 intermittam.
