2348 4238
111 222 194 299 80·
280 156 599 323 ardiolarum
625 226 692 300 AD
718 215 937 305 nortuum

44 370 47 381 ⁵
109 413 162 478 re,
180 416 280 493 quam
295 391 433 463 Antonii
445 407 503 483 :yet
520 380 633 462 tamen
647 409 804 488 utrosque
820 394 897 464 'nbn
911 394 985 468 line
1003 421 1081 470 cau·

107 494 142 568 sa
160 498 354 594 praesidium
374 499 515 580 habere3
536 499 567 570 se
588 517 698 572 autern
720 523 863 599 utraque
883 528 981 591 arma
1003 534 1078 580 me·

42 612 45 617 ’
90 600 213 682 urere.
233 607 503 731 quidquaerisl
502 616 597 684 aun
583 644 677 706 υγιες.
704 608 829 703 DeQ.
849 609 923 686 lilio
942 615 1006 688 tibi
1027 616 1077 689 as·

99 719 250 793 sentior·
269 719 355 816 patri
369 718 506 816 quidem
522 738 611 791 certe
631 718 825 816 gratiffimae
838 741 871 795 et
883 723 1074 799 bellismae

107 850 183 903 tuae
195 831 313 904 literae
328 828 472 907 fuerunt.
500 831 679 904 Caerelliae
694 856 777 906 vero
790 831 891 909 facile
907 834 1070 918 farisfeci;

106 968 172 1019 nec
192 940 289 1027 valde
302 941 453 1014 laborare
467 940 556 1013 mihi
563 941 632 1015 visa
643 940 719 1027 est;
734 959 768 1014 et
777 943 909 1033 ,srilla,
921 969 992 1043 ego
1005 971 1068 1019 cer·
1090 1010 1093 1015 .

105 1069 140 1125 te
152 1077 220 1124 non
239 1051 436 1125 laborarem.
454 1052 547 1125 istam
572 1075 676 1140 vero,
697 1063 796 1148 qaum
808 1051 879 1139 ribi
896 1053 1064 1136 molestam

105 1146 218 1239 scribis
232 1160 315 1253 elle,
328 1165 471 1238 auditam
488 1181 555 1237 ate
571 1162 637 1236 effe
654 1164 799 1236 omnino
810 1148 974 1238 demiror.
998 1193 1063 1238 narn

19 1304 22 1308 “
106 1274 201 1375 quod
221 1299 294 1345 eam
312 1271 503 1348 collaudavi
524 1271 613 1369 apud
631 1271 781 1360 amicos,
792 1265 1051 1348 audientibus
1017 1297 1065 1348 tn·

104 1382 168 1455 bus
181 1379 295 1454 filiis
266 1407 338 1456 erus
350 1399 383 1454 et
395 1372 482 1469 lilia,
497 1414 616 1454 κτωυτο
628 1413 661 1453 m
676 1414 712 1453 τι
722 1392 805 1454 aare.
822 1379 905 1477 quid
920 1381 968 1454 ell
981 1383 1076 1456 hoel»

105 1493 189 1593 quid
208 1492 255 1564 est
267 1513 406 1578 autem,
427 1514 489 1561 cur
505 1512 570 1586 ego
587 1486 779 1590 personatus
797 1492 1050 1566 ambulem?
1009 1520 1069 1591 pa

103 1626 224 1685 rumne
245 1599 346 1675 foeda
368 1599 562 1697 persona
537 1597 584 1672 est
612 1596 713 1695 ipsius
735 1597 940 1676 senectutis?
965 1606 1060 1700 Quod

104 1716 225 1788 Brutus
237 1731 353 1811 rogat,
367 1730 404 1785 ut
416 1732 491 1786 ante
505 1713 682 1798 Kalendas,
695 1712 738 1784 ad
751 1738 805 1784 me
819 1739 959 1814 quoque
970 1720 1060 1816 scrip·

105 1826 167 1908 (ιτς
181 1843 214 1898 et
227 1824 362 1898 fortalle
378 1822 508 1898 faciam.
526 1820 582 1898 sed
582 1824 712 1921 plane,
731 1826 811 1923 quid
824 1827 926 1920 velit,
948 1834 1060 1906 nescio

36 1981 40 1991 ·
79 1956 82 1963 ·
104 1936 187 2036 quid
198 1961 290 2009 enim
299 1935 346 2008 rlb
356 1932 473 2007 afferre
485 1934 612 2007 consilii
626 1933 773 2032 polium,
786 1962 861 2009 curn
876 1940 946 2035 lpse
955 1968 1058 2040 egeam
1102 1970 1104 1975 ’

12 2075 15 2082 ’
62 2099 66 2105 -
104 2043 245 2120 consilio
255 2042 269 2115 l
279 2057 314 2114 et
325 2067 403 2114 curn
416 2040 470 2115 ille
484 2041 559 2114 suae
569 2042 811 2129 immortalitati
825 2049 955 2148 melius,
969 2078 1059 2150 quant
1076 2128 1079 2139 ,

7 2188 13 2199 “
102 2157 221 2232 nostro
233 2160 328 2247 otio,
341 2156 571 2230 consuluerit?
598 2159 786 2256 Detegina
805 2186 925 2239 rumor.
945 2166 1058 2238 exstin-

101 2285 236 2368 guetur.
253 2269 310 2340 De
321 2262 488 2356 Flamma,
503 2265 643 2340 obsecro
655 2285 709 2356 te,
721 2268 745 2338 li
757 2271 839 2367 quid
860 2292 967 2367 potes.
988 2275 1059 2348 Heri

104 2376 263 2451 dederam
273 2378 314 2450 ad
324 2397 356 2450 te
367 2377 476 2450 literas
488 2376 833 2468 exiensePuteolano,
846 2380 1059 2455 deverteram·
1101 2423 1104 2436 ·

104 2511 171 2584 que
193 2485 228 2557 in
252 2487 450 2559 Cumanun.
472 2485 520 2557 ibi
540 2484 625 2556 bene
649 2484 816 2558 valentem
839 2487 990 2561 videram
1011 2492 1059 2563 Pi·
1100 2478 1104 2546 ἶ

2 2632 6 2648 =
104 2597 194 2671 liam.
216 2597 298 2695 quin
312 2597 416 2670 etiam
429 2595 546 2667 Baulos
565 2593 682 2666 Cumis
702 2618 775 2665 eam
792 2595 875 2667 vidi.
885 2619 1060 2694 venerate·
1079 2680 1103 2701 ’ἱ

37 2703 40 2708 ’
105 2706 225 2791 nimin
245 2705 365 2778 funus:
382 2731 439 2781 cur
427 2704 567 2776 funeri
587 2729 662 2802 ego
666 2727 806 2801 quoque
822 2728 962 2801 operam
983 2709 1060 2781 dedi.

101 2816 173 2888 Cn
197 2811 375 2912 Lucullus,
396 2813 565 2887 familiaris
585 2810 717 2896 noster,
745 2830 884 2883 matrem
904 2814 1061 2891 efferebat
1083 2818 1086 2827 '

99 2921 234 3006 manli
224 2924 326 3021 igitur
348 2949 392 2998 eo
415 2924 517 2998 diem
533 2921 744 3004 Sinuellan03
760 2938 858 3019 atque
872 2921 950 2999 inde
971 2940 1060 2999 ma'ne
1083 2948 1104 3021 Ιῑ

31 3127 33 3131 .
106 3034 265 3132 postridie
287 3037 451 3133 Arpinum
465 3033 704 3133 proficiscens,
722 3033 807 3109 banc
826 3032 999 3130 epistolam
1011 3063 1061 3110 ex·
1101 3059 1104 3099 ³

104 3146 208 3219 aravi.
231 3164 300 3218 erat
322 3170 437 3230 autern
457 3146 538 3218 nihil
558 3147 665 3236 novi,
682 3145 776 3243 quod
793 3161 849 3216 aut
867 3143 1059 3237 scriberem,
1100 3142 1104 3211 ἶ

33 3250 39 3266 ’
80 3248 162 3330 'aut
184 3281 227 3329 ex
246 3280 280 3330 te
302 3257 596 3354 quaererem3nis1
617 3257 704 3328 forte
725 3255 793 3328 hoc
814 3256 856 3327 ad
874 3280 947 3328 rem
972 3275 1059 3354 putat
1102 3298 1104 3307 ·

96 3366 279 3462 pertinere.
291 3369 410 3439 Brutus
422 3363 532 3437 noster
541 3365 626 3438 misit
639 3365 680 3437 ad
693 3390 747 3438 me
761 3364 950 3437 orationem
964 3366 1057 3451 suam,

102 3475 250 3550 habitam
268 3481 304 3552 in
326 3476 492 3573 concione
512 3476 721 3574 Capitolina3
744 3474 928 3583 petivitque
947 3501 967 3548 a
989 3500 1056 3563 me,

97 3604 144 3669 ut
160 3610 234 3659 earn
249 3613 311 3662 nec
335 3586 508 3689 ambitiose
531 3584 733 3682 corrigerem
761 3603 852 3674 ante,
874 3609 975 3681 quarn
989 3585 1056 3658 ede·
1081 3660 1085 3677 Ι

102 3717 165 3778 ret.
187 3697 234 3770 ell
246 3717 357 3775 autern
370 3698 481 3777 oratio
493 3698 613 3798 scripta
625 3695 858 3797 elegantillime
876 3694 1055 3787 sententia,
1073 3714 1075 3721 “

12 3904 112 3984 Β
170 3968 175 3977 .

201 4072 204 4079 i
324 4043 342 4080 l
