2348 4238
407 229 726 319 UBERL
928 233 1039 330 ,163

82 392 241 468 facillime
252 391 375 486 facies,
394 393 421 467 fi
436 418 489 467 me
504 391 585 490 (cui
598 391 727 488 semper
738 389 797 466 uni
811 391 915 490 magis
925 446 937 483 ,
947 418 1049 493 quam

82 503 262 596 univerfis,
280 502 583 602 placerevoluiffi)
605 520 717 576 tecum
736 501 866 599 semper
875 503 941 576 effe
954 522 1049 600 puta·

82 613 154 706 his,
166 634 204 687 et
218 615 378 689 omnibus
394 615 436 688 iis
449 614 572 708 rebus,
596 624 679 714 quas
700 614 790 689 dices
807 639 847 688 ac
861 615 980 706 facies,
994 618 1050 711 inf·

82 726 223 802 tereffe.
243 729 423 827 Reliquum
443 726 511 819 est,
533 744 584 801 ut
598 745 631 799 te
658 751 777 817 orem,
802 745 839 801 ut
863 707 1053 805 valetudini

82 854 187 1023 teg,
173 840 300 927 ,fime
315 858 349 913 et
367 856 444 916 tuos
460 864 581 916 omnes
595 839 751 916 valere
717 865 786 932 ιιι,
807 840 1052 940 diligenriffime

161 972 228 1022 ιιι
1075 975 1078 983 ·

118 1130 124 1141 ·
234 1079 560 1176 MARCUSQ.
597 1076 835 1152 FRATRI
868 1079 929 1154 S„

86 1254 134 1319 De
146 1196 227 1321 {rarii
241 1258 372 1320 liberti
346 1260 425 1321 rumis
440 1259 515 1340 apud
524 1256 664 1338 Quintum
676 1252 785 1339 gratiosi
798 1255 944 1331 adventu,
954 1256 986 1318 &
996 1255 1052 1318 ho-
1090 1242 1092 1246 ¹

126 1355 237 1414 minum
251 1352 553 1417 deeosermonibus&
565 1355 695 1436 querelis:
706 1354 741 1415 de
751 1350 866 1414 Graecis
874 1365 962 1444 quos
973 1373 1053 1414 com

126 1445 325 1523 mendaverat,
340 1464 387 1508 aut
402 1449 501 1529 quibus
516 1448 662 1509 videbatur
679 1446 836 1528 indulgere,
849 1422 1001 1506 excusatio:
1016 1443 1052 1506 de
1129 1516 1136 1529 ·

127 1541 210 1602 literis
225 1539 350 1621 Quinti
343 1543 458 1623 iniquis,
479 1542 569 1617 duris,
590 1541 748 1611 contrariis,
764 1539 841 1599 de
817 1558 909 1620 eisque
928 1536 1053 1598 tollendis
1101 1592 1104 1599 .

128 1636 289 1699 consilium:
302 1632 335 1696 L
346 1633 453 1708 Flavii,
465 1659 508 1717 cur
500 1635 609 1698 heredi
610 1653 651 1696 tas
663 1637 691 1694 in
702 1630 751 1693 As
742 1655 768 1693 ι
778 1649 891 1694 venerat
900 1676 909 1705 ,
919 1630 1053 1692 aliorum-

126 1752 184 1812 que
199 1720 420 1790 commeridatio:
433 1730 653 1812 obiurgationum
664 1726 770 1786 suarum
781 1723 937 1796 excusatio,
947 1745 981 1785 ιι
993 1739 1053 1785 tan-

127 1823 196 1886 dem
211 1824 247 1885 de
261 1824 341 1905 rebus
351 1822 464 1905 publicis
480 1821 719 1897 commemoratio.
733 1815 866 1879 AnnoU.
876 1815 911 1880 C
921 1815 990 1900 694.

90 2085 123 2135 2.
135 1967 371 2145 STATIUS
389 2063 431 2136 ad
450 2061 615 2136 mevenit
638 2069 667 2134 ι.
683 2063 714 2134 d.
728 2042 802 2135 v111'
813 2049 955 2133 Kalend.
978 2060 1053 2132 No·
1075 2080 1094 2131 ι

88 2171 202 2244 vemh.
222 2169 292 2243 eius
310 2172 493 2259 adventus,
516 2171 610 2266 quod
629 2171 675 2243 ita
693 2168 865 2265 scripsisti,
886 2170 1054 2266 direptum
1128 2234 1132 2239 .

87 2276 129 2348 iri
145 2294 181 2350 te
202 2278 317 2369 dtuis,
349 2280 431 2351 dum
455 2280 482 2351 is
505 2279 653 2378 abesset,
687 2271 845 2356 molestus
869 2279 951 2350 mihi
980 2277 1053 2353 fuit.

86 2388 197 2480 Quod
206 2407 317 2461 autem
325 2389 601 2489 exspekianonem
610 2411 673 2478 rur,
684 2389 950 2486 concursumque
958 2415 1054 2478 euni,

88 2521 148 2594 qur
160 2516 233 2570 erat
245 2496 395 2588 futurus,
416 2499 514 2573 sruna
524 2520 638 2572 tecum
653 2499 830 2572 decederet
843 2524 978 2623 ,neque
991 2525 1053 2573 an·
1149 2487 1151 2491 ⁷

89 2628 140 2684 tea
152 2609 246 2686 vrsus
259 2613 361 2700 effet,
382 2611 527 2698 sustulitr
543 2610 584 2683 id
597 2609 678 2684 mihi
692 2596 1090 2688 nonincorrinodevi

88 2720 162 2794 sum
187 2722 235 2796 est
259 2722 420 2798 accidisse.
447 2720 622 2795 exhaustus
639 2720 730 2793 enim
751 2721 799 2794 est
815 2722 924 2826 sermo
940 2721 1056 2797 homi·

88 2844 199 2923 rrum,
225 2852 260 2906 et
281 2832 392 2906 multis
406 2829 619 2905 emiffaeiam
632 2831 797 2904 eiusmodi
809 2820 913 2906 voees
928 2885 941 2918 ,
954 2862 1053 2905 -ιιιιιι
1078 2884 1083 2894 ·
1140 2896 1144 2906 ,

88 2972 147 3012 em
169 2973 239 3015 τινα
258 2971 346 3030 wa
363 2973 471 3034 μεγαν.
496 2964 583 3037 quae
606 2956 639 3012 te
661 2941 793 3013 absente
815 2940 966 3014 constssa
987 2939 1054 3012 effe

90 3045 209 3118 laetor.
222 3049 325 3140 Quod
333 3068 443 3122 autem
459 3049 585 3124 idcirco
599 3072 664 3125 ate
673 3050 784 3147 misius
796 3051 860 3142 est,
878 3050 962 3122 mihi
973 3069 1010 3122 ut
1021 3051 1056 3125 se
1108 3070 1112 3087 “

84 3176 266 3259 purgaret,
286 3153 321 3227 id
334 3156 463 3232 necesse
478 3147 614 3231 niinime
623 3159 695 3234 suit.
714 3160 863 3234 Primum
874 3150 964 3232 enim
974 3175 1066 3234 nun*
1093 3170 1095 3174 ’

90 3288 194 3362 quam
207 3263 357 3335 illemihi
372 3263 435 3341 fuit
453 3268 642 3366 suspestus3
664 3294 773 3368 neque
796 3295 881 3369 ego,
905 3294 991 3369 quae
1013 3271 1056 3346 ad
1124 3302 1127 3309 ¹

91 3399 123 3451 te
138 3379 183 3451 de
194 3377 254 3449 1110
266 3376 397 3475 scripsi
418 3380 530 3478 scnpfi
542 3406 620 3455 meo
633 3382 780 3465 iudicio:
794 3383 849 3455 sed
861 3408 943 3455 curn
956 3382 1056 3475 ratio,

91 3486 247 3586 selusque
260 3489 413 3584 omnium
424 3490 601 3581 nostrum,
621 3518 678 3591 qur
668 3494 738 3565 ad
754 3490 994 3592 rempublicam
1004 3516 1056 3566 ac·

91 3596 260 3685 cedimus,
273 3601 637 3691 nonveriraresolum‚
657 3601 964 3677 sedetiamfama
931 3625 1056 3678 nuere·
1156 3618 1158 3629 '

90 3722 157 3801 tur,
172 3707 339 3845 sermones
353 3709 396 3783 ad
407 3728 439 3784 te
453 3711 595 3792 allorum
604 3710 757 3813 semper,
722 3737 836 3887 ιίοιι
847 3738 922 3792 mea
934 3714 1056 3799 rudrcra
1147 3782 1150 3787 .

825 3836 848 3897 ι

1045 3950 1132 4002 ἒ
