2348 4238
1 230 6 239 ἡ
65 126 139 191 '220
208 70 529 191 amomon
551 64 944 209 mortineil
1047 140 1061 187 ..·

54 275 166 363 ,stiunt
181 276 398 364 defendisset,
419 276 521 374 idque
545 276 709 377 Pompeio
730 276 951 351 contendenti
970 274 1024 351 de:

60 387 169 473 difien
181 382 311 463 'etenim
322 388 538 489 vehementer
549 387 676 460 orabat.
696 386 864 487 lepidum
886 384 1024 459 ιωὶειιιι

22 508 27 515 ’
62 497 247 573 Sallustium
258 551 271 584 ,
284 497 343 594 qui
358 496 442 578 milti
453 516 509 569 aut
521 496 712 571 inimicitias
725 498 822 594 putet
834 492 1026 592 periculosas

63 608 244 685 stibemdas
268 608 366 682 fuisse
381 661 394 699 ,
410 629 468 701 apt
489 608 658 684 infamiam
681 607 927 706 sempiternam.
957 606 1024 705 Ego

64 745 152 794 vero
165 722 227 794 hac
241 724 469 816 mediocritate
482 722 629 796 detector
641 749 652 793 z
666 746 706 794 ac
730 721 814 795 mihi
826 718 912 797 illud
919 720 1027 794 iucun·

65 828 147 907 dum
169 829 232 920 esl,
247 832 366 928 quod,
382 857 460 904 cum
480 830 708 905 testimonium
725 831 913 905 secundum
934 828 1027 903 siden

64 957 100 1013 et
119 936 314 1035 religionem
334 937 522 1039 gravissime
549 939 720 1032 dixissem,
734 967 812 1016 reus
830 936 975 1032 di'xit,li
995 934 1034 1013 in-

68 1044 206 1121 civitate
225 1047 362 1122 licuisset
381 1050 440 1137 fibi
460 1049 545 1141 effe,
557 1049 639 1123 mihi
651 1050 690 1124 se·
702 1050 962 1125 satissadurumz
976 1072 1029 1121 ne·

66 1177 134 1251 que
152 1182 205 1231 me
225 1159 406 1258 quidquam
432 1156 658 1260 interrogavit.
686 1165 740 1239 De
760 1161 932 1248 versibus,
953 1176 1034 1260 quot

67 1265 129 1339 tibi
151 1291 169 1340 a
189 1294 244 1363 me
258 1269 357 1343 scribi
369 1268 441 1360 vis,
456 1268 548 1342 deest
561 1271 645 1344 milti
659 1270 797 1370 quidem
810 1292 938 1367 opera,
951 1292 1030 1371 quae
1075 1242 1078 1273 ¹

68 1398 140 1449 non
156 1379 263 1452 modo
292 1398 438 1479 tempus,
453 1379 510 1452 sed
530 1381 629 1454 ctiam
657 1380 804 1453 animum
824 1403 973 1455 vacuum
993 1376 1031 1449 ab
1076 1390 1078 1473 ζ

69 1487 166 1563 omni
178 1512 257 1561 cura
272 1487 430 1562 desiderat
441 1488 454 1561 t
464 1491 520 1566 sed
534 1490 625 1563 abest
635 1491 955 1589 etiamtraecmpor.
966 1512 1031 1562 non

68 1594 290 1681 enim-sumus
312 1599 455 1670 omnino
473 1598 540 1671 sine
563 1624 642 1673 cura
662 1598 826 1673 venientis
853 1599 959 1672 anni:
980 1595 1033 1671 eti

71 1698 182 1779 sumus
204 1705 272 1782 sine
287 1709 418 1783 timore.
439 1709 541 1781 Simul
553 1729 587 1783 et
601 1709 683 1781 illud
696 1707 714 1807 (
728 1708 797 1781 fine
818 1708 885 1781 ulla
904 1709 1033 1780 meher-

72 1813 265 1890 culeironia
281 1819 442 1919 loquor)
464 1819 526 1894 tibi
540 1818 781 1916 illius.generis
801 1817 837 1888 in
862 1815 1035 1889 scribendo

73 1923 203 2020 priores
216 1945 324 2023 partes
337 1927 471 2016 tribuo,
484 1952 583 2025 quam
596 1924 1037 1999 mihi.Debibliothecan1a

22 2073 25 2079 ·
73 2035 202 2108 Graeca
221 2035 415 2133 supplenda,
428 2036 522 2108 libris
533 2034 1039 2124 commutandis‚l„atini.5,n'om·

75 2145 245 2240 parandis,
263 2145 362 2218 valde
382 2145 483 2219 velim
503 2145 561 2247 isia
583 2142 728 2233 confici,
751 2142 944 2239 praesertim
967 2165 1038 2222 cum

75 2256 118 2329 ad
132 2283 244 2331 meum
259 2283 395 2358 quoque
415 2259 508 2332 usum
531 2257 687 2356 spedent.
705 2257 771 2329 Sed·
782 2281 848 2354 ego
859 2309 871 2344 ,
884 2254 968 2327 mihi
981 2250 1037 2351 ipsi

75 2367 136 2441 ista
147 2395 207 2465 per
221 2397 320 2468 quem
335 2397 448 2469 agam,
464 2395 533 2441 non
555 2368 696 2442 habeboss
711 2392 818 2465 neque
833 2367 926 2438 enirn
944 2386 1039 2438 vena·

76 2474 119 2548 lia
146 2476 236 2565 sunt,
250 2505 337 2576 quae
359 2479 493 2577 quidem
518 2477 691 2576 placeant,
709 2494 743 2550 et
761 2473 885 2550 confici
901 2476 964 2548 nist
985 2498 1043 2572 per

78 2591 250 2663 hominem
262 2645 273 2679 ,
287 2611 320 2664 et
351 2591 518 2689 peritum,
531 2608 570 2664 ,et
589 2590 779 2689 diligentem
804 2614 875 2660 non
897 2587 1039 2686 possunt.

80 2700 272 2800 Chrysippo
291 2722 400 2772 tamen
411 2700 603 2798 imperabo,
617 2721 649 2772 ct
664 2726 740 2771 cum
755 2699 979 2797 Tyrannione
989 2697 1038 2768 lo·

78 2833 171 2906 quar.
203 2809 261 2881 De
280 2807 360 2881 sisco
382 2809 465 2906 quid
487 2810 591 2907 egerit
616 2809 751 2905 Scipio,
765 2829 932 2903 quaeram.
954 2801 1064 2911 quod⁸

80 2906 249 2994 videbitur
260 2921 384 2991 redium
398 2917 484 3007 esse,
497 2918 632 2991 curabo.
646 2919 702 2994 Dc
716 2916 922 3001 Ascanione,
937 2938 976 2987 tu
988 2939 1043 2986 vc·

80 3054 121 3103 ro
134 3084 144 3117 ‚
155 3032 248 3126 quod
266 3030 380 3118 voles,
394 3028 514 3102 facies:
530 3053 584 3119 me
598 3027 678 3099 nihil
693 3026 882 3121 interpono.
901 3025 959 3098 De
972 3022 1041 3096 sub·

80 3142 209 3216 tirbano
228 3142 321 3237 quod
339 3165 409 3211 non
422 3164 593 3236 properas,
608 3138 706 3209 laudo
715 3165 728 3207 :-
739 3153 774 3208 ut
789 3154 898 3208 tamen
913 3136 1041 3221 habeas,

81 3253 212 3326 hortor.
234 3254 325 3324 Haec
347 3248 767 3346 scripfi'a.d.'1xKalend.
792 3249 1042 3341 Novembquo

82 3365 139 3437 die
167 3363 238 3435 ludi
264 3361 572 3449 committebantur,
590 3360 624 3430 in
638 3358 863 3430 ‘fusculanum
888 3350 1043 3450 proficis·

82 3456 181 3561 cens,
196 3473 385 3571 ducensque
407 3496 539 3543 mecum
572 3471 772 3543 Ciceronem
800 3489 913 3535 meum
936 3463 972 3536 in
996 3463 1054 3555 lug

85 3583 165 3657 dum
176 3583 339 3675 discendi,
352 3610 423 3663 non
436 3583 578 3658 lusionis.
596 3607 634 3654 ea
648 3605 683 3655 re
698 3604 768 3651 non
780 3573 937 3674 longius,
951 3597 1053 3673 quant

12 3708 71 3832 λ
