2348 4238
153 224 223 321 184
295 220 623 303 EPISTOLARUM-
642 226 709 351 Al)
726 224 779 324 Ὦ.
797 229 1022 306 FRATREM
1149 166 1153 177 Ι

151 414 211 480 re,
229 416 330 490 quam
346 382 778 491 Africanus'fitillenquem
801 393 842 464 C.
867 378 1117 470 Carbointere·
1164 416 1165 467 ξ

151 502 271 575 millet.
284 505 404 599 ¹ltaque
418 522 556 601 magnae
567 503 649 575 mihi
664 503 794 576 tesiam
807 505 940 609 moveri
956 504 1115 579 videbam·

151 634 216 687 tur.
228 615 314 686 Nam
327 612 593 708 Pompeiualraec
601 614 767 713 intelligit,
776 608 1025 715 nobiscumque
1035 644 1116 715 conf

152 724 314 810 munitat,
326 720 457 794 infidias
468 720 557 795 vitae
568 721 746 797 suae'deri:
761 727 803 799 C.
814 726 982 799 Catonem
998 724 1125 810 aCtas·‚

38 918 41 923 ,
152 831 192 903 so
213 829 382 904 sullentari
398 855 408 901 ε
424 830 554 903 Clodio·
569 830 742 926 pecuniam
756 833 959 932 suppeditari
971 828 985 908 τ’
996 812 1117 909 utrum·

154 962 220 1037 que
234 957 266 1012 et
278 940 320 1011 ab
333 964 398 1024 eo,
415 957 449 1012 ct
462 964 490 1009 a
510 930 681 1029 Curione.
700 942 841 1029 Bibulo,
859 944 1049 1042 ceterisque
1061 943 1118 1017 suis

154 1049 431 1122 obtretlaroribus
452 1045 669 1121 confirmari:
688 1050 905 1124 vehementer
924 1050 993 1124 effe
1010 1051 1122 1149 provi·

155 1159 325 1247 dendum,
348 1182 390 1231 ne
411 1156 642 1255 opprimatur,
668 1160 976 1234 concionatio-illo
997 1159 1120 1259 populo

155 1265 222 1339 ase
241 1292 348 1365 prope
368 1267 532 1354 alienato,
551 1265 729 1347 nobilitate
746 1266 903 1355 inimica,
923 1294 997 1342 non
1018 1292 1121 1365 aequo

155 1378 291 1467 senatu,
304 1378 478 1450 iuventute
492 1376 656 1473 improba.
671 1381 784 1477 ltaque
807 1378 840 1452 se
852 1396 1032 1478 comparat
1042 1432 1056 1469 ‚
1067 1379 1123 1452 ho·

130 1488 265 1571 ,nunes
285 1510 327 1559 ex
349 1485 437 1583 agris
448 1484 587 1557 arceffit.
608 1487 745 1582 Operas
767 1505 877 1563 autern
891 1488 964 1562 suas
986 1487 1124 1561 Clodius
1163 1542 1165 1553 .

156 1596 348 1673 confirmat.
366 1620 483 1667 manus
498 1595 539 1665 ad
558 1595 742 1688 Quirinalia
759 1619 913 1696 paratur:
928 1596 964 1671 in
978 1622 1026 1671 eo
1044 1598 1125 1670 mul·
1162 1582 1166 1609 ⁵

157 1727 196 1783 ro
217 1708 329 1782 sumus
344 1707 532 1804 superiores
547 1707 645 1805 ipfius
662 1709 789 1806 copiis..
799 1711 1125 1809 Sedmagnamanus
1163 1718 1165 1723 '

157 1846 202 1895 ex
226 1819 349 1892 Piceno
371 1834 405 1890 et
426 1817 782 1917 Gallia-exspuatur,
804 1839 843 1895 ut
860 1822 973 1895 etiam·
988 1819 1124 1895 Catonis

157 1930 389 2027 rogationibus
408 1931 448 2003 de
467 1930 597 2002 Milone
614 1950 648 2005 et
663 1932 807 2006 [eundo
827 1931 1026 2007 refissnmus.
1048 1933 1127 2007 md.

160 2052 203 2116 tv
224 2042 271 2117 ld.
291 2044 419 2118 Sextius
440 2042 482 2116 ab
503 2042 613 2117 indice
633 2043 700 2116 Cn.
717 2043 824 2118 Nerio
843 2043 1000 2143 Pupinia,
1013 2046 1056 2123 de
1068 2070 1129 2119 am·

160 2153 232 2228 bitu
249 2153 295 2227 est
310 2153 513 2250 postulatus;
527 2172 560 2227 er
579 2156 700 2227 eodem
719 2156 774 2231 die
786 2156 967 2254 aquodam
990 2160 1040 2229 M.
1054 2154 1130 2229 Tul·

155 2268 213 2342 lio
229 2269 270 2341 de
289 2267 335 2342 vi.
353 2268 381 2339 is
400 2287 471 2339 erat
491 2290 598 2363 aeger.
622 2267 762 2371 domum
788 2256 1071 2363 (ntidebuimus)
1091 2263 1130 2336 ad

160 2403 239 2452 eum
254 2377 359 2451 statim
372 2378 547 2465 venimus,
563 2377 662 2477 eique
675 2402 737 2451 nos
751 2395 845 2450 totos
858 2373 1071 2460 tradidimus;
1084 2373 1131 2445 id·

66 2578 68 2583 ·
161 2513 229 2588 que
245 2487 385 2561 fecimus
406 2507 537 2584 praeter
557 2486 735 2558 hominum
757 2483 982 2584 opinionem,
998 2485 1060 2583 qui
1073 2506 1131 2556 nos

157 2600 197 2672 ei
220 2598 291 2670 iure
313 2598 500 2671 succensere
528 2598 709 2695 putabunt,
732 2616 769 2670 ut
791 2597 1039 2688 humanillimi,
1059 2621 1131 2695 gra-

161 2705 343 2802 tillimique
358 2728 391 2775 et
402 2704 458 2798 ipsi
472 2757 483 2793 ,
498 2721 532 2776 et
551 2704 709 2777 omnibus
727 2705 920 2776 videremur
935 2729 945 2775 t
959 2704 1074 2803 itaque
1084 2702 1130 2774 fa·

158 2822 300 2895 ciemus.
326 2817 389 2891 Sed
410 2818 500 2889 idem
524 2817 648 2890 Nerius
668 2816 769 2888 index
789 2816 892 2888 edidit
914 2815 956 2888 ad
978 2818 1131 2914 allegatos

157 2932 229 3003 Cn.
258 2929 435 3003 Lentidum
459 2927 618 2999 Vacciam
644 2943 678 2998 er
699 2927 740 2997 C.
767 2927 977 2999 Cornelium.
1006 2927 1131 2999 Eodem

162 3049 219 3120 die
242 3044 554 3119 senatusconsultum
569 3030 693 3116 fadum
712 3042 780 3127 est,
801 3042 1069 3135 Uindalium,
1082 3044 1131 3112 dc·

164 3163 335 3252 cunctique
347 3161 534 3250 discederent
540 3186 557 3245 ;
569 3161 678 3252 lexque
688 3159 725 3225 de
735 3157 775 3224 iis
781 3153 923 3244 femtur,
936 3175 992 3241 ur,
1005 3154 1132 3246 quinon

114 3274 117 3279 ’
166 3269 381 3368 distulissent,
396 3298 432 3340 ea
449 3295 577 3362 poena,
591 3294 669 3362 quae
683 3267 723 3367 est
737 3269 772 3335 dt
783 3264 817 3335 vi
825 3315 836 3351 ‚
850 3268 1031 3334 tenerentur.
1053 3259 1133 3361 Μ.

169 3403 215 3454 111
241 3384 284 3452 ld.
311 3379 380 3450 dixi
405 3401 470 3475 pro
491 3376 595 3475 Bestia
620 3376 663 3448 de
687 3373 813 3447 ambitu
840 3370 932 3468 apud·
948 3388 1133 3469 praetorem

65 3489 68 3498 ’
167 3495 235 3566 Cn.
262 3488 456 3564 Domitium
481 3487 516 3560 in
539 3485 620 3565 foro
640 3482 779 3572 medio,
802 3479 953 3554 maximo
984 3503 1134 3556 conven-

171 3619 228 3686 ru;
250 3600 420 3697 incidique
434 3598 467 3670 in
482 3621 558 3670 eum
574 3594 688 3668 locum
709 3593 744 3666 in
770 3588 940 3677 dicendo,
961 3612 1043 3663 cum
1098 3588 1103 3599 '

20 3726 25 3735 '
158 3713 255 3807 tius,
268 3712 382 3790 multis
399 3713 436 3788 in
458 3706 584 3806 templo
605 3703 755 3781 castoris
768 3698 961 3780 vulneribus
979 3695 1140 3800 acceptu.

67 3860 132 3970 ἱ
187 3948 190 3953 ,
