<?xml version="1.0" encoding="UTF-8"?>
<!DOCTYPE html PUBLIC "-//W3C//DTD XHTML 1.0 Transitional//EN"
    "http://www.w3.org/TR/xhtml1/DTD/xhtml1-transitional.dtd">
<html xmlns="http://www.w3.org/1999/xhtml" xml:lang="en" lang="en">
 <head>
  <title>
</title>
<meta http-equiv="Content-Type" content="text/html;charset=utf-8" />
  <meta name='ocr-system' content='tesseract 3.04.00' />
  <meta name='ocr-capabilities' content='ocr_page ocr_carea ocr_par ocr_line ocrx_word'/>
</head>
<body>
  <div class='ocr_page' id='page_1' title='image "./mtulliiciceroni02plutgoog/mtulliiciceroni02plutgoog_0194.png"; bbox 0 0 2348 4238; ppageno 0'>
   <div class='ocr_carea' id='block_1_1' title="bbox 298 216 1061 327">
    <p class='ocr_par' dir='ltr' id='par_1_1' title="bbox 298 216 1061 327">
     <span class='ocr_line' id='line_1_1' title="bbox 298 216 1061 327; baseline -0.003 -28"><span class='ocrx_word' id='word_1_1' title='bbox 298 248 303 281; x_wconf 85' lang='lat'>=</span> <span class='ocrx_word' id='word_1_2' title='bbox 403 216 732 299; x_wconf 74' lang='lat' dir='ltr'>Ll&#39;BERll.</span> <span class='ocrx_word' id='word_1_3' title='bbox 867 256 873 281; x_wconf 84' lang='lat'><strong>·</strong></span> <span class='ocrx_word' id='word_1_4' title='bbox 966 248 1061 327; x_wconf 78' lang='lat'>193.</span> 
     </span>
    </p>
   </div>
   <div class='ocr_carea' id='block_1_2' title="bbox 30 380 1041 2255">
    <p class='ocr_par' dir='ltr' id='par_1_2' title="bbox 30 380 1041 2255">
     <span class='ocr_line' id='line_1_2' title="bbox 64 380 1034 487; baseline -0.001 -23"><span class='ocrx_word' id='word_1_5' title='bbox 64 386 259 466; x_wconf 84' lang='lat' dir='ltr'>mehercule</span> <span class='ocrx_word' id='word_1_6' title='bbox 267 380 685 487; x_wconf 60' lang='lat' dir='ltr'>quisquam&#39;pmnaemw</span> <span class='ocrx_word' id='word_1_7' title='bbox 693 382 848 459; x_wconf 80' lang='lat' dir='ltr'>libentius</span> <span class='ocrx_word' id='word_1_8' title='bbox 856 385 911 459; x_wconf 86' lang='lat' dir='ltr'>sua</span> <span class='ocrx_word' id='word_1_9' title='bbox 920 414 1034 463; x_wconf 85' lang='lat' dir='ltr'>recen-</span> 
     </span>
     <span class='ocr_line' id='line_1_3' title="bbox 64 496 1037 599; baseline -0.002 -23"><span class='ocrx_word' id='word_1_10' title='bbox 64 503 109 575; x_wconf 85' lang='lat' dir='ltr'>tia</span> <span class='ocrx_word' id='word_1_11' title='bbox 121 520 281 599; x_wconf 83' lang='lat' dir='ltr'>poemata</span> <span class='ocrx_word' id='word_1_12' title='bbox 292 500 370 598; x_wconf 79' lang='lat' dir='ltr'>legit</span> <span class='ocrx_word' id='word_1_13' title='bbox 382 550 395 586; x_wconf 87' lang='lat'><strong><em>,</em></strong></span> <span class='ocrx_word' id='word_1_14' title='bbox 409 522 508 596; x_wconf 86' lang='lat' dir='ltr'>quam</span> <span class='ocrx_word' id='word_1_15' title='bbox 521 519 586 593; x_wconf 87' lang='lat' dir='ltr'>ego</span> <span class='ocrx_word' id='word_1_16' title='bbox 601 515 634 567; x_wconf 85' lang='lat' dir='ltr'>te</span> <span class='ocrx_word' id='word_1_17' title='bbox 653 496 757 567; x_wconf 87' lang='lat' dir='ltr'>audio</span> <span class='ocrx_word' id='word_1_18' title='bbox 775 520 973 597; x_wconf 86' lang='lat' dir='ltr'>quacunque</span> <span class='ocrx_word' id='word_1_19' title='bbox 994 505 1037 599; x_wconf 76' lang='lat' dir='ltr'>dp</span> 
     </span>
     <span class='ocr_line' id='line_1_4' title="bbox 65 598 1039 710; baseline 0 -23"><span class='ocrx_word' id='word_1_20' title='bbox 65 636 115 704; x_wconf 86' lang='lat' dir='ltr'>re,</span> <span class='ocrx_word' id='word_1_21' title='bbox 127 608 277 710; x_wconf 57' lang='lat' dir='ltr'>pubium</span> <span class='ocrx_word' id='word_1_22' title='bbox 287 613 430 710; x_wconf 74' lang='lat' dir='ltr'>privata,</span> <span class='ocrx_word' id='word_1_23' title='bbox 443 598 588 697; x_wconf 64' lang='lat' dir='ltr'>mistica,</span> <span class='ocrx_word' id='word_1_24' title='bbox 601 608 736 679; x_wconf 82' lang='lat' dir='ltr'>urbana.</span> <span class='ocrx_word' id='word_1_25' title='bbox 749 607 813 680; x_wconf 87' lang='lat' dir='ltr'>Sed</span> <span class='ocrx_word' id='word_1_26' title='bbox 825 632 901 683; x_wconf 88' lang='lat' dir='ltr'>mea</span> <span class='ocrx_word' id='word_1_27' title='bbox 914 607 1039 687; x_wconf 73' lang='lat' dir='ltr'>sanum</span> 
     </span>
     <span class='ocr_line' id='line_1_5' title="bbox 66 716 1038 827; baseline 0 -31"><span class='ocrx_word' id='word_1_28' title='bbox 66 723 112 796; x_wconf 86' lang='lat' dir='ltr'>est</span> <span class='ocrx_word' id='word_1_29' title='bbox 124 725 245 798; x_wconf 79' lang='lat' dir='ltr'>insulsa</span> <span class='ocrx_word' id='word_1_30' title='bbox 258 716 458 827; x_wconf 75' lang='lat' dir='ltr'>verecundia</span> <span class='ocrx_word' id='word_1_31' title='bbox 472 775 483 808; x_wconf 91' lang='lat'><strong>,</strong></span> <span class='ocrx_word' id='word_1_32' title='bbox 496 738 534 793; x_wconf 90' lang='lat' dir='ltr'>ut</span> <span class='ocrx_word' id='word_1_33' title='bbox 554 742 588 793; x_wconf 87' lang='lat' dir='ltr'>te</span> <span class='ocrx_word' id='word_1_34' title='bbox 608 716 823 815; x_wconf 83' lang='lat' dir='ltr'>proficiscens</span> <span class='ocrx_word' id='word_1_35' title='bbox 843 745 914 792; x_wconf 89' lang='lat' dir='ltr'>non</span> <span class='ocrx_word' id='word_1_36' title='bbox 935 722 1038 797; x_wconf 84' lang='lat' dir='ltr'>tolle-</span> 
     </span>
     <span class='ocr_line' id='line_1_6' title="bbox 65 834 1039 937; baseline -0.001 -27"><span class='ocrx_word' id='word_1_37' title='bbox 65 860 150 910; x_wconf 79' lang='lat' dir='ltr'>rem.</span> <span class='ocrx_word' id='word_1_38' title='bbox 172 836 371 937; x_wconf 81' lang='lat' dir='ltr'>Opposuilli</span> <span class='ocrx_word' id='word_1_39' title='bbox 392 834 490 935; x_wconf 76' lang='lat' dir='ltr'>semel</span> <span class='ocrx_word' id='word_1_40' title='bbox 513 868 706 910; x_wconf 69' lang='grc' dir='ltr'>αντιισακτον</span> <span class='ocrx_word' id='word_1_41' title='bbox 723 834 852 906; x_wconf 89' lang='lat' dir='ltr'>causam</span> <span class='ocrx_word' id='word_1_42' title='bbox 863 887 875 922; x_wconf 88' lang='lat'><strong>,</strong></span> <span class='ocrx_word' id='word_1_43' title='bbox 893 834 1039 909; x_wconf 86' lang='lat' dir='ltr'>Cicero·</span> 
     </span>
     <span class='ocr_line' id='line_1_7' title="bbox 30 942 1040 1022; baseline 0.001 -1"><span class='ocrx_word' id='word_1_44' title='bbox 30 992 34 1001; x_wconf 92' lang='lat'>·</span> <span class='ocrx_word' id='word_1_45' title='bbox 67 946 116 1021; x_wconf 85' lang='lat' dir='ltr'>nis</span> <span class='ocrx_word' id='word_1_46' title='bbox 131 944 475 1020; x_wconf 71' lang='lat' dir='ltr'>ndstrivaletu&#39;dinem</span> <span class='ocrx_word' id='word_1_47' title='bbox 489 969 498 1015; x_wconf 77' lang='lat' dir='ltr'>t</span> <span class='ocrx_word' id='word_1_48' title='bbox 512 942 672 1016; x_wconf 82' lang='lat' dir='ltr'>conticui.</span> <span class='ocrx_word' id='word_1_49' title='bbox 693 943 816 1017; x_wconf 86' lang='lat' dir='ltr'>iterum</span> <span class='ocrx_word' id='word_1_50' title='bbox 827 944 1011 1021; x_wconf 86' lang='lat' dir='ltr'><strong>Cicerones</strong></span> <span class='ocrx_word' id='word_1_51' title='bbox 1026 974 1040 1022; x_wconf 76' lang='lat' dir='ltr'>a</span> 
     </span>
     <span class='ocr_line' id='line_1_8' title="bbox 67 1053 1038 1159; baseline 0.003 -26"><span class='ocrx_word' id='word_1_52' title='bbox 67 1058 194 1159; x_wconf 84' lang='lat' dir='ltr'>quievi.</span> <span class='ocrx_word' id='word_1_53' title='bbox 217 1061 317 1131; x_wconf 90' lang='lat' dir='ltr'>Nunc</span> <span class='ocrx_word' id='word_1_54' title='bbox 337 1053 783 1152; x_wconf 80' lang='lat' dir='ltr'>mihi-&#39;iucunditatisplena</span> <span class='ocrx_word' id='word_1_55' title='bbox 809 1056 946 1154; x_wconf 91' lang='lat' dir='ltr'>epistola</span> <span class='ocrx_word' id='word_1_56' title='bbox 968 1060 1038 1136; x_wconf 90' lang='lat' dir='ltr'>hoc</span> 
     </span>
     <span class='ocr_line' id='line_1_9' title="bbox 67 1163 1039 1269; baseline 0.003 -25"><span class='ocrx_word' id='word_1_57' title='bbox 67 1171 223 1269; x_wconf 78' lang='lat' dir='ltr'>adsperlit</span> <span class='ocrx_word' id='word_1_58' title='bbox 243 1166 435 1258; x_wconf 80' lang='lat' dir='ltr'>molestiae,</span> <span class='ocrx_word' id='word_1_59' title='bbox 450 1166 544 1265; x_wconf 88' lang='lat' dir='ltr'>quod</span> <span class='ocrx_word' id='word_1_60' title='bbox 555 1163 706 1257; x_wconf 77' lang='lat' dir='ltr'>¹videris,</span> <span class='ocrx_word' id='word_1_61' title='bbox 722 1190 763 1239; x_wconf 89' lang='lat' dir='ltr'>ne</span> <span class='ocrx_word' id='word_1_62' title='bbox 779 1166 860 1238; x_wconf 88' lang='lat' dir='ltr'>mihi</span> <span class='ocrx_word' id='word_1_63' title='bbox 879 1169 1039 1247; x_wconf 82' lang='lat' dir='ltr'>molestus</span> 
     </span>
     <span class='ocr_line' id='line_1_10' title="bbox 67 1274 1039 1378; baseline 0 -25"><span class='ocrx_word' id='word_1_64' title='bbox 67 1274 163 1367; x_wconf 73' lang='lat' dir='ltr'>effen,</span> <span class='ocrx_word' id='word_1_65' title='bbox 176 1280 305 1352; x_wconf 83' lang='lat' dir='ltr'>veritus</span> <span class='ocrx_word' id='word_1_66' title='bbox 317 1278 409 1370; x_wconf 86' lang='lat' dir='ltr'>effe,</span> <span class='ocrx_word' id='word_1_67' title='bbox 429 1299 529 1375; x_wconf 84' lang='lat' dir='ltr'>atque</span> <span class='ocrx_word' id='word_1_68' title='bbox 548 1275 648 1348; x_wconf 79' lang='lat' dir='ltr'>&#39;etiam</span> <span class='ocrx_word' id='word_1_69' title='bbox 662 1299 752 1348; x_wconf 88' lang='lat' dir='ltr'>nunc</span> <span class='ocrx_word' id='word_1_70' title='bbox 770 1277 892 1349; x_wconf 88' lang='lat' dir='ltr'>vereri.</span> <span class='ocrx_word' id='word_1_71' title='bbox 915 1278 1039 1378; x_wconf 84' lang='lat' dir='ltr'>Litiga-</span> 
     </span>
     <span class='ocr_line' id='line_1_11' title="bbox 67 1384 1040 1487; baseline -0.004 -24"><span class='ocrx_word' id='word_1_72' title='bbox 67 1414 137 1463; x_wconf 85' lang='lat' dir='ltr'>rem</span> <span class='ocrx_word' id='word_1_73' title='bbox 158 1385 393 1476; x_wconf 77' lang='lat' dir='ltr'>tecum,s1fns</span> <span class='ocrx_word' id='word_1_74' title='bbox 411 1386 513 1471; x_wconf 75' lang='lat' dir='ltr'>effect</span> <span class='ocrx_word' id='word_1_75' title='bbox 534 1384 590 1458; x_wconf 90' lang='lat' dir='ltr'>sed</span> <span class='ocrx_word' id='word_1_76' title='bbox 614 1384 801 1487; x_wconf 84' lang='lat' dir='ltr'>mehercule</span> <span class='ocrx_word' id='word_1_77' title='bbox 825 1385 909 1461; x_wconf 89' lang='lat' dir='ltr'>istuc</span> <span class='ocrx_word' id='word_1_78' title='bbox 930 1388 1040 1464; x_wconf 67' lang='lat' dir='ltr'>fiun«</span> 
     </span>
     <span class='ocr_line' id='line_1_12' title="bbox 66 1486 1040 1601; baseline 0.001 -28"><span class='ocrx_word' id='word_1_79' title='bbox 66 1525 166 1601; x_wconf 81' lang='lat' dir='ltr'>quam</span> <span class='ocrx_word' id='word_1_80' title='bbox 179 1486 358 1597; x_wconf 73' lang='lat' dir='ltr'>suspicatus</span> <span class='ocrx_word' id='word_1_81' title='bbox 369 1486 452 1588; x_wconf 49' lang='lat' dir='ltr'>ero}</span> <span class='ocrx_word' id='word_1_82' title='bbox 465 1496 546 1569; x_wconf 91' lang='lat' dir='ltr'>nihil</span> <span class='ocrx_word' id='word_1_83' title='bbox 560 1496 669 1570; x_wconf 89' lang='lat' dir='ltr'>dicam</span> <span class='ocrx_word' id='word_1_84' title='bbox 683 1494 789 1590; x_wconf 84' lang='lat' dir='ltr'>aliud,</span> <span class='ocrx_word' id='word_1_85' title='bbox 804 1497 864 1570; x_wconf 73' lang='lat' dir='ltr'>nist</span> <span class='ocrx_word' id='word_1_86' title='bbox 879 1496 1040 1595; x_wconf 83' lang='lat' dir='ltr'>verebor,·</span> 
     </span>
     <span class='ocr_line' id='line_1_13' title="bbox 67 1606 1040 1709; baseline 0 -26"><span class='ocrx_word' id='word_1_87' title='bbox 67 1637 108 1685; x_wconf 88' lang='lat' dir='ltr'>ne</span> <span class='ocrx_word' id='word_1_88' title='bbox 126 1610 267 1709; x_wconf 86' lang='lat' dir='ltr'>quando</span> <span class='ocrx_word' id='word_1_89' title='bbox 281 1634 345 1707; x_wconf 87' lang='lat' dir='ltr'>ego</span> <span class='ocrx_word' id='word_1_90' title='bbox 359 1609 436 1697; x_wconf 75' lang='lat' dir='ltr'>tibi,</span> <span class='ocrx_word' id='word_1_91' title='bbox 449 1632 528 1681; x_wconf 91' lang='lat' dir='ltr'>cum</span> <span class='ocrx_word' id='word_1_92' title='bbox 541 1606 611 1680; x_wconf 91' lang='lat' dir='ltr'>sum</span> <span class='ocrx_word' id='word_1_93' title='bbox 622 1631 707 1694; x_wconf 88' lang='lat' dir='ltr'>una,</span> <span class='ocrx_word' id='word_1_94' title='bbox 720 1606 878 1682; x_wconf 88' lang='lat' dir='ltr'>molestus</span> <span class='ocrx_word' id='word_1_95' title='bbox 893 1608 962 1682; x_wconf 86' lang='lat' dir='ltr'>fim.</span> <span class='ocrx_word' id='word_1_96' title='bbox 976 1610 1040 1683; x_wconf 88' lang='lat' dir='ltr'>Vi·</span> 
     </span>
     <span class='ocr_line' id='line_1_14' title="bbox 68 1714 1039 1821; baseline 0.001 -25"><span class='ocrx_word' id='word_1_97' title='bbox 68 1724 133 1796; x_wconf 87' lang='lat' dir='ltr'>deo</span> <span class='ocrx_word' id='word_1_98' title='bbox 146 1739 182 1794; x_wconf 84' lang='lat' dir='ltr'>te</span> <span class='ocrx_word' id='word_1_99' title='bbox 204 1720 406 1819; x_wconf 77' lang='lat' dir='ltr'>ingemuisse.</span> <span class='ocrx_word' id='word_1_100' title='bbox 420 1720 465 1793; x_wconf 85' lang='lat' dir='ltr'>fic</span> <span class='ocrx_word' id='word_1_101' title='bbox 484 1714 539 1810; x_wconf 88' lang='lat' dir='ltr'>fit,</span> <span class='ocrx_word' id='word_1_102' title='bbox 554 1730 707 1795; x_wconf 63' lang='lat' dir='ltr'>ulum</span> <span class='ocrx_word' id='word_1_103' title='bbox 719 1733 840 1812; x_wconf 57' lang='grc' dir='ltr'>ιζησας.</span> <span class='ocrx_word' id='word_1_104' title='bbox 864 1746 1039 1821; x_wconf 85' lang='lat' dir='ltr'>nunquam</span> 
     </span>
     <span class='ocr_line' id='line_1_15' title="bbox 67 1824 1041 1925; baseline 0 -20"><span class='ocrx_word' id='word_1_105' title='bbox 67 1831 156 1905; x_wconf 87' lang='lat' dir='ltr'>enim</span> <span class='ocrx_word' id='word_1_106' title='bbox 171 1829 299 1918; x_wconf 84' lang='lat' dir='ltr'>dicam,</span> <span class='ocrx_word' id='word_1_107' title='bbox 310 1865 345 1904; x_wconf 67' lang='lat' dir='ltr'>aa</span> <span class='ocrx_word' id='word_1_108' title='bbox 354 1864 468 1925; x_wconf 63' lang='lat' dir='ltr'>nuque.</span> <span class='ocrx_word' id='word_1_109' title='bbox 478 1826 622 1900; x_wconf 84' lang='lat' dir='ltr'>Marium</span> <span class='ocrx_word' id='word_1_110' title='bbox 636 1824 745 1898; x_wconf 88' lang='lat' dir='ltr'>autem</span> <span class='ocrx_word' id='word_1_111' title='bbox 761 1826 911 1902; x_wconf 84' lang='lat' dir='ltr'>nostrum</span> <span class='ocrx_word' id='word_1_112' title='bbox 924 1829 959 1903; x_wconf 88' lang='lat' dir='ltr'>in</span> <span class='ocrx_word' id='word_1_113' title='bbox 971 1833 1041 1906; x_wconf 88' lang='lat' dir='ltr'>lec·</span> 
     </span>
     <span class='ocr_line' id='line_1_16' title="bbox 65 1928 1039 2039; baseline 0.004 -26"><span class='ocrx_word' id='word_1_114' title='bbox 65 1942 167 2015; x_wconf 79' lang='lat' dir='ltr'>ticam</span> <span class='ocrx_word' id='word_1_115' title='bbox 189 1938 378 2013; x_wconf 87' lang='lat' dir='ltr'>mehercule</span> <span class='ocrx_word' id='word_1_116' title='bbox 394 1936 628 2027; x_wconf 61' lang='lat' dir='ltr'>minuissem,</span> <span class='ocrx_word' id='word_1_117' title='bbox 647 1960 718 2009; x_wconf 89' lang='lat' dir='ltr'>non</span> <span class='ocrx_word' id='word_1_118' title='bbox 739 1928 935 2039; x_wconf 69' lang='lat' dir='ltr'>illamjregis</span> <span class='ocrx_word' id='word_1_119' title='bbox 954 1944 1039 2017; x_wconf 88' lang='lat' dir='ltr'><strong>Pto·</strong></span> 
     </span>
     <span class='ocr_line' id='line_1_17' title="bbox 64 2045 1039 2150; baseline 0.003 -26"><span class='ocrx_word' id='word_1_120' title='bbox 64 2048 186 2125; x_wconf 90' lang='lat' dir='ltr'>lemaei</span> <span class='ocrx_word' id='word_1_121' title='bbox 200 2048 405 2121; x_wconf 77' lang='lat' dir='ltr'>Anicianam.</span> <span class='ocrx_word' id='word_1_122' title='bbox 419 2045 558 2119; x_wconf 85' lang='lat' dir='ltr'>memini</span> <span class='ocrx_word' id='word_1_123' title='bbox 570 2047 659 2119; x_wconf 90' lang='lat' dir='ltr'>enim</span> <span class='ocrx_word' id='word_1_124' title='bbox 677 2054 754 2120; x_wconf 86' lang='lat' dir='ltr'>cum</span> <span class='ocrx_word' id='word_1_125' title='bbox 768 2047 939 2124; x_wconf 85' lang='lat' dir='ltr'>hominem</span> <span class='ocrx_word' id='word_1_126' title='bbox 955 2078 1039 2150; x_wconf 90' lang='lat' dir='ltr'>por·</span> 
     </span>
     <span class='ocr_line' id='line_1_18' title="bbox 62 2156 1039 2255; baseline 0 -19"><span class='ocrx_word' id='word_1_127' title='bbox 62 2178 172 2236; x_wconf 76' lang='lat' dir='ltr'>tarem</span> <span class='ocrx_word' id='word_1_128' title='bbox 184 2159 228 2231; x_wconf 85' lang='lat' dir='ltr'>ad</span> <span class='ocrx_word' id='word_1_129' title='bbox 246 2159 357 2248; x_wconf 86' lang='lat' dir='ltr'>Baias,</span> <span class='ocrx_word' id='word_1_130' title='bbox 373 2156 539 2255; x_wconf 86' lang='lat' dir='ltr'>Neapoli,</span> <span class='ocrx_word' id='word_1_131' title='bbox 551 2156 744 2254; x_wconf 69' lang='lat' dir='ltr'>ollophoro</span> <span class='ocrx_word' id='word_1_132' title='bbox 762 2159 948 2251; x_wconf 82' lang='lat' dir='ltr'>Aniciano,</span> <span class='ocrx_word' id='word_1_133' title='bbox 962 2184 1039 2237; x_wconf 57' lang='lat' dir='ltr'>maa</span> 
     </span>
    </p>
   </div>
   <div class='ocr_carea' id='block_1_3' title="bbox 62 2267 1159 2371">
    <p class='ocr_par' dir='ltr' id='par_1_3' title="bbox 62 2267 1159 2371">
     <span class='ocr_line' id='line_1_19' title="bbox 62 2267 1159 2371; baseline -0.005 -26"><span class='ocrx_word' id='word_1_134' title='bbox 62 2269 309 2368; x_wconf 79' lang='lat' dir='ltr'>chaerophoris</span> <span class='ocrx_word' id='word_1_135' title='bbox 331 2282 476 2371; x_wconf 79' lang='lat' dir='ltr'>centum·</span> <span class='ocrx_word' id='word_1_136' title='bbox 491 2267 723 2367; x_wconf 85' lang='lat' dir='ltr'>sequentibus,</span> <span class='ocrx_word' id='word_1_137' title='bbox 742 2269 847 2344; x_wconf 86' lang='lat' dir='ltr'>miros</span> <span class='ocrx_word' id='word_1_138' title='bbox 869 2272 950 2347; x_wconf 82' lang='lat' dir='ltr'>risus</span> <span class='ocrx_word' id='word_1_139' title='bbox 973 2298 1040 2355; x_wconf 66' lang='lat' dir='ltr'>noe,</span> <span class='ocrx_word' id='word_1_140' title='bbox 1155 2328 1159 2340; x_wconf 88' lang='lat'>.</span> 
     </span>
    </p>
   </div>
   <div class='ocr_carea' id='block_1_4' title="bbox 58 2377 1039 2481">
    <p class='ocr_par' dir='ltr' id='par_1_4' title="bbox 58 2377 1039 2481">
     <span class='ocr_line' id='line_1_20' title="bbox 58 2377 1039 2481; baseline -0.006 -22"><span class='ocrx_word' id='word_1_141' title='bbox 58 2385 167 2459; x_wconf 87' lang='lat' dir='ltr'>edere</span> <span class='ocrx_word' id='word_1_142' title='bbox 178 2435 193 2470; x_wconf 87' lang='lat'>,</span> <span class='ocrx_word' id='word_1_143' title='bbox 204 2406 282 2454; x_wconf 89' lang='lat' dir='ltr'>cum</span> <span class='ocrx_word' id='word_1_144' title='bbox 300 2380 356 2452; x_wconf 88' lang='lat' dir='ltr'>ille</span> <span class='ocrx_word' id='word_1_145' title='bbox 367 2380 500 2479; x_wconf 76' lang='lat' dir='ltr'>ignarus</span> <span class='ocrx_word' id='word_1_146' title='bbox 521 2379 569 2453; x_wconf 87' lang='lat' dir='ltr'>sui</span> <span class='ocrx_word' id='word_1_147' title='bbox 595 2377 793 2470; x_wconf 69' lang='lat' dir='ltr'>comitatui,¹</span> <span class='ocrx_word' id='word_1_148' title='bbox 808 2380 946 2477; x_wconf 76' lang='lat' dir='ltr'>repente</span> <span class='ocrx_word' id='word_1_149' title='bbox 959 2408 1039 2481; x_wconf 16' lang='lat' dir='ltr'>ape-4</span> 
     </span>
    </p>
   </div>
   <div class='ocr_carea' id='block_1_5' title="bbox 57 2490 1153 2592">
    <p class='ocr_par' dir='ltr' id='par_1_5' title="bbox 57 2490 1153 2592">
     <span class='ocr_line' id='line_1_21' title="bbox 57 2490 1153 2592; baseline -0.004 -25"><span class='ocrx_word' id='word_1_150' title='bbox 57 2496 131 2567; x_wconf 82' lang='lat' dir='ltr'>ruit</span> <span class='ocrx_word' id='word_1_151' title='bbox 144 2493 322 2582; x_wconf 73' lang='lat' dir='ltr'>lefflcam,</span> <span class='ocrx_word' id='word_1_152' title='bbox 336 2508 371 2564; x_wconf 87' lang='lat' dir='ltr'>et</span> <span class='ocrx_word' id='word_1_153' title='bbox 392 2512 495 2587; x_wconf 90' lang='lat' dir='ltr'>paene</span> <span class='ocrx_word' id='word_1_154' title='bbox 508 2490 562 2563; x_wconf 91' lang='lat' dir='ltr'>ille</span> <span class='ocrx_word' id='word_1_155' title='bbox 580 2491 727 2581; x_wconf 86' lang='lat' dir='ltr'>timore,</span> <span class='ocrx_word' id='word_1_156' title='bbox 740 2506 807 2592; x_wconf 81' lang='lat' dir='ltr'>ego</span> <span class='ocrx_word' id='word_1_157' title='bbox 829 2491 895 2565; x_wconf 90' lang='lat' dir='ltr'>risu</span> <span class='ocrx_word' id='word_1_158' title='bbox 911 2496 1039 2572; x_wconf 67' lang='lat' dir='ltr'>corruis</span> <span class='ocrx_word' id='word_1_159' title='bbox 1149 2540 1153 2563; x_wconf 81' lang='grc'>,</span> 
     </span>
    </p>
   </div>
   <div class='ocr_carea' id='block_1_6' title="bbox 53 2600 1074 3586">
    <p class='ocr_par' dir='ltr' id='par_1_6' title="bbox 55 2600 1038 2804">
     <span class='ocr_line' id='line_1_22' title="bbox 57 2600 1038 2704; baseline 0.002 -24"><span class='ocrx_word' id='word_1_160' title='bbox 57 2604 189 2692; x_wconf 87' lang='lat' dir='ltr'>Tunc,</span> <span class='ocrx_word' id='word_1_161' title='bbox 207 2622 244 2676; x_wconf 90' lang='lat' dir='ltr'>ut</span> <span class='ocrx_word' id='word_1_162' title='bbox 262 2604 360 2689; x_wconf 91' lang='lat' dir='ltr'>dico,</span> <span class='ocrx_word' id='word_1_163' title='bbox 373 2620 462 2677; x_wconf 84' lang='lat' dir='ltr'>certe</span> <span class='ocrx_word' id='word_1_164' title='bbox 479 2600 692 2691; x_wconf 84' lang='lat' dir='ltr'>sustulilsem,</span> <span class='ocrx_word' id='word_1_165' title='bbox 706 2620 745 2677; x_wconf 90' lang='lat' dir='ltr'>ut</span> <span class='ocrx_word' id='word_1_166' title='bbox 765 2604 947 2704; x_wconf 87' lang='lat' dir='ltr'>aliquando</span> <span class='ocrx_word' id='word_1_167' title='bbox 960 2609 1038 2703; x_wconf 82' lang='lat' dir='ltr'>sub-¹</span> 
     </span>
     <span class='ocr_line' id='line_1_23' title="bbox 55 2709 1038 2804; baseline 0.002 -16"><span class='ocrx_word' id='word_1_168' title='bbox 55 2715 220 2788; x_wconf 73' lang='lat' dir='ltr'>uilitatem</span> <span class='ocrx_word' id='word_1_169' title='bbox 235 2713 356 2788; x_wconf 82' lang='lat' dir='ltr'>veteris</span> <span class='ocrx_word' id='word_1_170' title='bbox 367 2709 582 2804; x_wconf 71' lang='lat' dir='ltr'>urbanitatis,</span> <span class='ocrx_word' id='word_1_171' title='bbox 595 2730 629 2784; x_wconf 88' lang='lat' dir='ltr'>et</span> <span class='ocrx_word' id='word_1_172' title='bbox 641 2712 862 2787; x_wconf 84' lang='lat' dir='ltr'>humaniffimi</span> <span class='ocrx_word' id='word_1_173' title='bbox 873 2715 1038 2791; x_wconf 79' lang='lat' dir='ltr'>sermonis</span> 
     </span>
    </p>

    <p class='ocr_par' dir='ltr' id='par_1_7' title="bbox 53 2812 1074 3586">
     <span class='ocr_line' id='line_1_24' title="bbox 56 2812 1074 2924; baseline -0.001 -25"><span class='ocrx_word' id='word_1_174' title='bbox 56 2824 272 2921; x_wconf 77' lang='lat' dir='ltr'>attingerem.</span> <span class='ocrx_word' id='word_1_175' title='bbox 284 2820 340 2893; x_wconf 86' lang='lat' dir='ltr'>sed</span> <span class='ocrx_word' id='word_1_176' title='bbox 359 2819 534 2892; x_wconf 87' lang='lat' dir='ltr'>hominem</span> <span class='ocrx_word' id='word_1_177' title='bbox 555 2819 724 2895; x_wconf 84' lang='lat' dir='ltr'>infirmum</span> <span class='ocrx_word' id='word_1_178' title='bbox 745 2820 912 2897; x_wconf 59' lang='lat' dir='ltr'>in&#39;fvillam</span> <span class='ocrx_word' id='word_1_179' title='bbox 936 2850 1036 2924; x_wconf 86' lang='lat' dir='ltr'>aper·</span> <span class='ocrx_word' id='word_1_180' title='bbox 1069 2812 1074 2819; x_wconf 53' lang='grc'><strong>’</strong></span> 
     </span>
     <span class='ocr_line' id='line_1_25' title="bbox 55 2926 1037 3031; baseline -0.004 -21"><span class='ocrx_word' id='word_1_181' title='bbox 55 2946 133 3010; x_wconf 78' lang='lat' dir='ltr'>tam</span> <span class='ocrx_word' id='word_1_182' title='bbox 145 2986 157 3024; x_wconf 92' lang='lat'>,</span> <span class='ocrx_word' id='word_1_183' title='bbox 171 2956 211 3005; x_wconf 89' lang='lat' dir='ltr'>ac</span> <span class='ocrx_word' id='word_1_184' title='bbox 225 2956 267 3004; x_wconf 92' lang='lat' dir='ltr'>ne</span> <span class='ocrx_word' id='word_1_185' title='bbox 278 2926 395 3003; x_wconf 69' lang='lat' dir='ltr'>nedem</span> <span class='ocrx_word' id='word_1_186' title='bbox 416 2930 549 3029; x_wconf 81' lang='lat' dir='ltr'>quidem</span> <span class='ocrx_word' id='word_1_187' title='bbox 572 2932 673 3005; x_wconf 86' lang='lat' dir='ltr'>etiam</span> <span class='ocrx_word' id='word_1_188' title='bbox 685 2956 793 3031; x_wconf 70' lang='lat' dir='ltr'>cnunc,¹</span> <span class='ocrx_word' id='word_1_189' title='bbox 808 2934 949 3011; x_wconf 69' lang='lat' dir='ltr'>inuitare</span> <span class='ocrx_word' id='word_1_190' title='bbox 968 2960 1037 3007; x_wconf 90' lang='lat' dir='ltr'>no-</span> 
     </span>
     <span class='ocr_line' id='line_1_26' title="bbox 53 3041 1041 3141; baseline -0.001 -20"><span class='ocrx_word' id='word_1_191' title='bbox 53 3046 117 3121; x_wconf 83' lang='lat' dir='ltr'>lui.</span> <span class='ocrx_word' id='word_1_192' title='bbox 143 3046 224 3119; x_wconf 85' lang='lat' dir='ltr'>Hoc</span> <span class='ocrx_word' id='word_1_193' title='bbox 244 3069 329 3119; x_wconf 84' lang='lat' dir='ltr'>vero</span> <span class='ocrx_word' id='word_1_194' title='bbox 352 3042 436 3116; x_wconf 88' lang='lat' dir='ltr'>mihi</span> <span class='ocrx_word' id='word_1_195' title='bbox 458 3041 625 3141; x_wconf 77' lang='lat' dir='ltr'>peculiare</span> <span class='ocrx_word' id='word_1_196' title='bbox 650 3041 836 3131; x_wconf 82' lang='lat' dir='ltr'>fuerit‚hic</span> <span class='ocrx_word' id='word_1_197' title='bbox 851 3047 949 3119; x_wconf 89' lang='lat' dir='ltr'>etiam</span> <span class='ocrx_word' id='word_1_198' title='bbox 971 3045 1041 3135; x_wconf 69' lang='lat' dir='ltr'>ista</span> 
     </span>
     <span class='ocr_line' id='line_1_27' title="bbox 53 3151 1036 3249; baseline 0.001 -21"><span class='ocrx_word' id='word_1_199' title='bbox 53 3155 143 3229; x_wconf 82' lang='lat' dir='ltr'>frui.</span> <span class='ocrx_word' id='word_1_200' title='bbox 163 3175 241 3227; x_wconf 80' lang='lat' dir='ltr'>mm</span> <span class='ocrx_word' id='word_1_201' title='bbox 264 3155 397 3227; x_wconf 88' lang='lat' dir='ltr'>illorum</span> <span class='ocrx_word' id='word_1_202' title='bbox 424 3153 639 3249; x_wconf 78' lang='lat' dir='ltr'>praediorum</span> <span class='ocrx_word' id='word_1_203' title='bbox 665 3151 749 3248; x_wconf 84' lang='lat' dir='ltr'>scito</span> <span class='ocrx_word' id='word_1_204' title='bbox 774 3152 858 3224; x_wconf 90' lang='lat' dir='ltr'>mihi</span> <span class='ocrx_word' id='word_1_205' title='bbox 880 3155 1036 3235; x_wconf 85' lang='lat' dir='ltr'>vicinum</span> 
     </span>
     <span class='ocr_line' id='line_1_28' title="bbox 54 3262 1034 3361; baseline 0.004 -20"><span class='ocrx_word' id='word_1_206' title='bbox 54 3264 214 3341; x_wconf 84' lang='lat' dir='ltr'>Marium</span> <span class='ocrx_word' id='word_1_207' title='bbox 237 3264 350 3339; x_wconf 87' lang='lat' dir='ltr'>lumen</span> <span class='ocrx_word' id='word_1_208' title='bbox 382 3263 456 3339; x_wconf 86' lang='lat' dir='ltr'>effe.</span> <span class='ocrx_word' id='word_1_209' title='bbox 487 3265 574 3361; x_wconf 86' lang='lat' dir='ltr'>apud</span> <span class='ocrx_word' id='word_1_210' title='bbox 596 3262 751 3337; x_wconf 81' lang='lat' dir='ltr'>Anicium</span> <span class='ocrx_word' id='word_1_211' title='bbox 767 3265 968 3357; x_wconf 79' lang='lat' dir='ltr'>¹videbimus</span> <span class='ocrx_word' id='word_1_212' title='bbox 994 3288 1034 3344; x_wconf 83' lang='lat' dir='ltr'>ut</span> 
     </span>
     <span class='ocr_line' id='line_1_29' title="bbox 53 3370 1035 3479; baseline 0.003 -28"><span class='ocrx_word' id='word_1_213' title='bbox 53 3399 219 3479; x_wconf 85' lang='lat' dir='ltr'>paratum</span> <span class='ocrx_word' id='word_1_214' title='bbox 246 3373 294 3447; x_wconf 80' lang='lat' dir='ltr'>sn.</span> <span class='ocrx_word' id='word_1_215' title='bbox 330 3398 393 3449; x_wconf 89' lang='lat' dir='ltr'>nos</span> <span class='ocrx_word' id='word_1_216' title='bbox 416 3373 505 3446; x_wconf 87' lang='lat' dir='ltr'>enim</span> <span class='ocrx_word' id='word_1_217' title='bbox 534 3373 579 3444; x_wconf 90' lang='lat' dir='ltr'>ita</span> <span class='ocrx_word' id='word_1_218' title='bbox 596 3370 758 3471; x_wconf 85' lang='lat' dir='ltr'>philologi</span> <span class='ocrx_word' id='word_1_219' title='bbox 777 3374 911 3471; x_wconf 71' lang='lat' dir='ltr'>⁴sumus,</span> <span class='ocrx_word' id='word_1_220' title='bbox 928 3395 966 3451; x_wconf 90' lang='lat' dir='ltr'>ut</span> <span class='ocrx_word' id='word_1_221' title='bbox 978 3376 1035 3454; x_wconf 85' lang='lat' dir='ltr'>vel</span> 
     </span>
     <span class='ocr_line' id='line_1_30' title="bbox 55 3480 1036 3586; baseline 0.006 -30"><span class='ocrx_word' id='word_1_222' title='bbox 55 3509 145 3563; x_wconf 82' lang='lat' dir='ltr'>cum</span> <span class='ocrx_word' id='word_1_223' title='bbox 171 3480 271 3556; x_wconf 81' lang='lat' dir='ltr'>fabris</span> <span class='ocrx_word' id='word_1_224' title='bbox 289 3483 435 3558; x_wconf 81' lang='lat' dir='ltr'>habitare</span> <span class='ocrx_word' id='word_1_225' title='bbox 457 3482 626 3579; x_wconf 84' lang='lat' dir='ltr'>poffimus.</span> <span class='ocrx_word' id='word_1_226' title='bbox 643 3484 803 3557; x_wconf 80' lang='lat' dir='ltr'>habemus</span> <span class='ocrx_word' id='word_1_227' title='bbox 816 3486 902 3560; x_wconf 91' lang='lat' dir='ltr'>hanc</span> <span class='ocrx_word' id='word_1_228' title='bbox 923 3487 1036 3586; x_wconf 90' lang='lat' dir='ltr'>philo-</span> 
     </span>
    </p>
   </div>
   <div class='ocr_carea' id='block_1_7' title="bbox 56 3582 1036 3694">
    <p class='ocr_par' dir='ltr' id='par_1_8' title="bbox 56 3582 1036 3694">
     <span class='ocr_line' id='line_1_31' title="bbox 56 3582 1036 3694; baseline 0 -24"><span class='ocrx_word' id='word_1_229' title='bbox 56 3594 243 3694; x_wconf 83' lang='lat' dir='ltr'>sophiam,</span> <span class='ocrx_word' id='word_1_230' title='bbox 256 3616 326 3664; x_wconf 92' lang='lat' dir='ltr'>non</span> <span class='ocrx_word' id='word_1_231' title='bbox 345 3582 589 3689; x_wconf 48' lang='lat' dir='ltr'>ab&#39;Hymetto,</span> <span class='ocrx_word' id='word_1_232' title='bbox 602 3590 658 3666; x_wconf 87' lang='lat' dir='ltr'>sed</span> <span class='ocrx_word' id='word_1_233' title='bbox 678 3593 720 3665; x_wconf 86' lang='lat' dir='ltr'>ab</span> <span class='ocrx_word' id='word_1_234' title='bbox 743 3598 822 3667; x_wconf 82' lang='lat' dir='ltr'>area</span> <span class='ocrx_word' id='word_1_235' title='bbox 836 3597 933 3693; x_wconf 83' lang='lat' dir='ltr'>Syra.</span> <span class='ocrx_word' id='word_1_236' title='bbox 956 3598 1036 3670; x_wconf 81' lang='lat' dir='ltr'>Ma·</span> 
     </span>
    </p>
   </div>
   <div class='ocr_carea' id='block_1_8' title="bbox 55 3702 1035 3909">
    <p class='ocr_par' dir='ltr' id='par_1_9' title="bbox 55 3702 1035 3909">
     <span class='ocr_line' id='line_1_32' title="bbox 55 3702 1035 3803; baseline 0.001 -19"><span class='ocrx_word' id='word_1_237' title='bbox 55 3711 132 3784; x_wconf 79' lang='lat' dir='ltr'>rius</span> <span class='ocrx_word' id='word_1_238' title='bbox 144 3723 180 3778; x_wconf 86' lang='lat' dir='ltr'>et</span> <span class='ocrx_word' id='word_1_239' title='bbox 192 3704 382 3777; x_wconf 86' lang='lat' dir='ltr'>valetudine</span> <span class='ocrx_word' id='word_1_240' title='bbox 393 3702 456 3793; x_wconf 75' lang='lat' dir='ltr'>eu,</span> <span class='ocrx_word' id='word_1_241' title='bbox 466 3720 500 3775; x_wconf 82' lang='lat' dir='ltr'>et</span> <span class='ocrx_word' id='word_1_242' title='bbox 512 3724 628 3803; x_wconf 80' lang='lat' dir='ltr'>natura</span> <span class='ocrx_word' id='word_1_243' title='bbox 639 3702 845 3781; x_wconf 80' lang='lat' dir='ltr'>imbecillio&#39;n</span> <span class='ocrx_word' id='word_1_244' title='bbox 863 3707 920 3783; x_wconf 85' lang='lat' dir='ltr'>De</span> <span class='ocrx_word' id='word_1_245' title='bbox 932 3706 1035 3795; x_wconf 52' lang='lat' dir='ltr'>interi</span> 
     </span>
     <span class='ocr_line' id='line_1_33' title="bbox 114 3800 811 3909; baseline -0.001 -31"><span class='ocrx_word' id='word_1_246' title='bbox 114 3808 212 3887; x_wconf 75' lang='lat' dir='ltr'>Cicer.</span> <span class='ocrx_word' id='word_1_247' title='bbox 230 3805 322 3903; x_wconf 68' lang='lat' dir='ltr'>oper.</span> <span class='ocrx_word' id='word_1_248' title='bbox 350 3808 423 3879; x_wconf 85' lang='lat' dir='ltr'>Vol.</span> <span class='ocrx_word' id='word_1_249' title='bbox 457 3804 529 3881; x_wconf 80' lang='lat' dir='ltr'>IX.</span> <span class='ocrx_word' id='word_1_250' title='bbox 655 3901 675 3909; x_wconf 85' lang='lat'>..</span> <span class='ocrx_word' id='word_1_251' title='bbox 771 3800 811 3906; x_wconf 31' lang='lat' dir='ltr'>&#39;N</span> 
     </span>
    </p>
   </div>
   <div class='ocr_carea' id='block_1_9' title="bbox 0 0 1178 4238">
    <p class='ocr_par' dir='ltr' id='par_1_10' title="bbox 0 0 1178 4238">
     <span class='ocr_line' id='line_1_34' title="bbox 0 0 1178 4238; baseline 0 0"><span class='ocrx_word' id='word_1_252' title='bbox 0 0 1178 4238; x_wconf 95' lang='lat' dir='ltr'> </span> 
     </span>
    </p>
   </div>
  </div>
 </body>
</html>
