2348 4238
131 265 202 345 254
385 232 851 357 epistolari.

124 410 263 505 quidem
276 402 376 497 viris,
390 409 446 481 sed
468 408 504 479 in
521 406 695 505 republica
712 408 869 495 rudibus,
882 430 949 482 non
961 396 1051 507 prola·

109 520 242 610 meur,
260 520 374 616 quod,
387 538 425 590 ut
436 519 554 591 ovanti
573 518 715 591 introire
734 519 870 593 Caesari
884 522 1049 609 liceret‚dr

125 631 301 705 creverim.
317 634 390 729 Ego
404 649 514 703 autem
527 629 546 729 (
561 630 618 703 sed
635 654 715 703 erro
731 630 885 708 sortasse:
899 658 956 707 nec
973 650 1048 705 tanet

122 743 256 831 issum,
271 759 309 815 ut
323 768 397 814 mea
410 769 467 815 me
481 743 625 816 maxime
639 744 803 818 delectent
817 744 836 843 )
850 747 931 819 nibil
943 744 1048 819 miliri-

85 886 90 897 ·
122 856 207 925 deor
221 854 289 927 hoc
302 853 393 926 bello
404 852 533 926 senstsse
546 854 753 951 prudentius'.
771 856 845 929 Cur
857 878 962 931 autem
973 855 1046 943 itast,
1082 872 1085 911 Ξ

117 963 333 1057 aperiendum
348 991 418 1036 non
431 963 501 1054 est,
522 990 565 1038 ne
577 966 680 1064 magis
699 964 818 1039 videar
832 960 1062 1064 provideritis·

118 1073 175 1160 se,
187 1098 288 1171 quam
309 1094 430 1171 gratus.
443 1076 511 1147 hoc
530 1075 636 1170 ipsum
662 1074 816 1149 nimium.
834 1103 938 1175 quare
949 1078 999 1149 alia
1010 1072 1044 1149 ti·

119 1184 267 1261 alermus.
280 1189 327 1261 D.
340 1186 447 1260 Bruto
460 1186 594 1260 decrevi
612 1187 784 1277 honores,
800 1189 936 1261 decrevi
946 1188 1046 1287 Llla·
1078 1197 1085 1242 t

120 1320 176 1367 co.
196 1298 365 1369 Praeclara
377 1298 430 1369 illa
452 1296 587 1394 quidem
605 1296 762 1393 ingenia,
778 1321 865 1394 quae
876 1290 1044 1394 glorianti·

117 1424 251 1477 ranturr
266 1407 321 1479 sed
335 1408 462 1479 senatus
474 1406 573 1477 etiam
592 1405 738 1501 sapiens,
748 1408 806 1503 qui
817 1458 828 1493 ‚
841 1432 908 1504 qua
920 1420 1044 1504 quemqtt

117 1538 154 1586 re
167 1530 280 1609 putat,
292 1518 400 1588 modo
416 1514 574 1603 bonella,
590 1516 632 1587 ad
652 1510 893 1610 rempublicam
910 1512 1045 1587 iuvando

117 1620 211 1717 pore
234 1623 372 1712 adauct,
385 1626 447 1699 rac
467 1624 580 1695 mitur.
603 1632 646 1696 n
664 1625 699 1694 tn
717 1622 847 1720 nepteo
873 1614 1044 1720 reptant
1072 1608 1079 1621 '

116 1758 216 1805 mur:
234 1735 290 1806 cui
305 1760 382 1807 cum
402 1734 537 1806 statuam
557 1735 592 1805 in
613 1734 726 1808 rostris
739 1730 1043 1824 statuissemus‚iiten
1079 1750 1085 1791 ¹

115 1842 205 1913 allam
218 1843 413 1916 evertimus
432 1846 506 1917 Nos
524 1840 617 1917 illum
637 1845 769 1917 honore
784 1845 964 1917 studuimus
980 1828 1042 1914 ast«
1082 1892 1085 1923 2

114 1972 192 2022 rore
206 1972 381 2023 revocare.
406 1952 492 2025 vicit
511 1952 654 2025 amentia
670 1951 823 2025 levissimi
845 1952 984 2023 hominis
1000 1966 1042 2019 ro·
1072 1970 1085 2017 tt

112 2061 214 2133 stram
237 2062 457 2156 prudentiam.
484 2087 546 2133 nec
572 2082 682 2133 tamen
710 2078 838 2133 tantum
869 2061 904 2133 in
918 2051 1042 2131 slaturrd
1070 2080 1078 2093 ·

113 2169 230 2265 lepidi
256 2170 356 2242 statua
369 2164 490 2242 sadum
504 2170 550 2242 esl
565 2171 642 2240 mali
655 2223 665 2255 ,
678 2187 839 2267 quantum
852 2168 892 2240 in
905 2159 1041 2241 evertenda
1070 2168 1085 2236 1

113 2282 205 2352 boni.
222 2284 305 2353 Satis
324 2282 428 2352 multa
447 2282 488 2351 de
503 2282 698 2353 honoribus.
715 2306 805 2352 nunc
818 2281 861 2351 de
872 2280 976 2376 poena
992 2294 1041 2370 pau·
1068 2302 1075 2327 ²

111 2418 150 2464 ea
164 2393 236 2465 sunt
250 2394 403 2486 dicenda.
416 2385 563 2463 Intellexi
585 2393 674 2463 enim
695 2417 736 2462 ex
750 2391 814 2463 tuis
834 2391 929 2486 saepe
950 2381 1041 2461 lieris,
1070 2388 1085 2457 ,ἴε

109 2516 145 2599 tc
159 2502 192 2570 in
207 2502 268 2591 iis,
283 2526 369 2598 quos
384 2500 473 2569 bello
488 2496 661 2582 devicisti,
680 2499 890 2571 clementiam
905 2517 987 2568 tuam
998 2485 1040 2563 vel·
1066 2499 1085 2571 *i*

109 2608 142 2679 le
156 2610 291 2681 laudati.
308 2603 470 2678 Existimo
487 2606 640 2704 equidem
657 2607 741 2678 nihil
759 2632 776 2677 a
801 2626 854 2696 te,
872 2605 928 2677 nist
945 2602 1039 2699 sapien·
1070 2610 1085 2678 l

109 2735 171 2788 ter.
188 2719 251 2787 Sed
266 2717 392 2787 sceleris
406 2742 549 2811 poenam
565 2717 825 2810 praetermittere
837 2714 855 2814 (
869 2717 904 2789 id
916 2716 994 2787 enim
1005 2704 1040 2793 tl,
1067 2738 1085 2803 t]

106 2828 202 2923 qood
227 2842 371 2896 vocatur
390 2826 591 2923 ignoscere)
609 2827 708 2897 etiam
735 2823 759 2893 ti
783 2824 819 2895 in
840 2826 957 2897 ceterir
972 2819 1039 2894 rebus
1068 2868 1085 2897 e

108 2935 282 3007 tolerabile
300 2933 365 3023 est,
379 2935 503 3007 in³h0c
523 2936 612 3006 bello
633 2931 855 3029 perniciosum
879 2954 969 3028 puto.
984 2922 1040 3000 Nl·
1071 2963 1085 3007 t«,

107 3042 176 3115 lum
190 3047 278 3116 enim
299 3045 421 3117 bellurn
440 3045 537 3117 civile
552 3043 617 3114 fuit
631 3045 667 3113 in
681 3041 792 3112 nostra
802 3044 976 3143 republica
991 3058 1040 3110 om·

105 3159 218 3245 nium,
228 3180 313 3253 quae
324 3156 488 3228 memoria
500 3181 572 3227 mea
585 3154 719 3227 fuerunt
729 3205 740 3240 ‚
752 3154 788 3223 in
800 3178 871 3250 quo
884 3155 971 3226 hello
983 3169 1040 3226 nont
1073 3182 1085 3229 ιι

106 3286 314 3363 utracunque
333 3290 407 3361 pars
431 3265 581 3353 vicisset,
594 3282 705 3335 tamen
729 3262 837 3359 aliqua
860 3263 968 3335 forma
989 3253 1040 3331 ela
1073 3294 1085 3341 r

106 3375 216 3448 sutura
231 3375 441 3472 reipublicae.
462 3374 632 3447 bochello
648 3363 1040 3469 viatoresquamremput-
1070 3409 1085 3451 ,1

103 3483 201 3559 licam
227 3487 326 3559 simus
351 3487 514 3575 habituri,
530 3510 600 3562 non
628 3482 724 3556 facile
751 3483 960 3569 affirmarim;
974 3472 1039 3550 vidit
1066 3510 1070 3553 ;

103 3621 196 3669 certe
208 3597 297 3668 nulla
307 3587 459 3695 unquam
471 3597 544 3668 erit.
561 3594 647 3665 Dixi
662 3593 761 3690 igitur
774 3591 944 3665 sententias
954 3592 986 3663 in
997 3592 1039 3658 ln·
1060 3601 1074 3651 -t

104 3708 256 3802 tonitam,
270 3710 339 3782 dixi
360 3711 396 3782 in
409 3710 573 3806 Lepidum
598 3705 746 3793 severas;
760 3730 870 3805 neque
885 3724 952 3780 tam
966 3692 1038 3776 ultis·
1064 3705 1074 3783 l

725 3906 744 3939 0
