2348 4238
103 210 180 305 ιιι
228 186 553 307 ΕΡιιτοιΑιιυιι
578 184 646 290 ιι)Ι
673 219 719 310 Q.
743 162 962 288 saltuem

96 385 160 461 suit
169 386 335 461 eiusmodi
352 383 454 458 literis
466 435 484 482 ,Ἴ
504 406 587 480 quas
604 380 646 454 ad
670 376 777 476 ipsum
800 375 941 450 mifislil
966 376 1050 451 illum

95 520 231 571 crucem
243 495 301 569 srbi
321 492 428 591 ipsum
441 491 662 579 constituere,
683 514 725 562 ex
744 514 810 588 qua
822 487 861 561 'tu
880 514 961 563 eum
980 504 1051 561 ante

93 602 308 689 detraxisses.
330 623 365 674 te
378 618 598 689 curaturum,
617 596 713 671 sumo
731 619 768 670 ut
782 597 1049 686 combureretur,
1094 654 1096 661 .

56 726 59 731 '
93 713 271 810 plaudente
290 730 361 786 tota
381 707 568 808 provincia.
592 706 686 802 Quid
699 708 889 781 veroadC.
899 709 1049 796 Fabium,

93 822 350 920 nescioquem?
366 820 384 920 (
400 845 562 894 nameam
578 843 715 941 quoque
734 817 910 915 epistolam
932 821 977 891 Τ.
989 819 1051 890 Ca

93 929 200 1003 tienus
218 928 479 1028 circumgestat)
497 927 677 1005 renuntiari
701 928 782 1016 tibi,
803 926 970 1000 Licinium
984 927 1051 1023 pla·

94 1039 328 1147 giarimmcum
343 1040 403 1113 suo
413 1040 504 1137 pullo
516 1037 659 1111 milvino
669 1037 792 1110 tributa
804 1039 967 1136 exigere?
984 1040 1053 1111 De·

91 1149 170 1224 inde
179 1175 277 1248 rogas
291 1151 438 1239 Fabium,
451 1166 488 1221 ut
504 1164 537 1219 et
550 1162 677 1243 patrem
690 1165 724 1220 et
733 1146 879 1221 silium
847 1173 951 1223 vivos
965 1173 1052 1225 conr·

93 1260 216 1349 burat,
233 1261 256 1333 fi
271 1261 392 1358 possit
415 1259 463 1333 sin
482 1259 609 1346 minus,
627 1259 669 1331 ad
681 1279 714 1330 te
728 1259 856 1348 mittat,
870 1276 920 1370 uti
909 1259 1054 1333 iudicio

91 1371 344 1457 comburantur.
370 1370 443 1441 Hae
464 1368 576 1441 literae
598 1368 656 1445 abs
677 1387 787 1464 tepet
808 1358 925 1442 iocum
947 1368 1052 1442 missae

12 1508 22 1543 .’
92 1480 190 1553 adC.
200 1477 355 1567 Fabium,
369 1476 515 1551 sinodo
530 1477 604 1554 sunt
615 1497 712 1568 tuae
726 1503 806 1551 cum
796 1478 1017 1583 leguntur,
1008 1506 1054 1552 m·

92 1583 255 1658 vidiosam
269 1585 477 1659 atrocitatem
489 1581 674 1658 verborum
689 1587 817 1658 habent.
845 1590 919 1673 Ac,
943 1575 970 1658 s
985 1612 1053 1659 om·

92 1693 185 1767 nium
209 1718 356 1766 mearum
376 1695 545 1769 literarum
560 1714 737 1794 praecepta
757 1714 915 1791 repetes3
938 1696 1054 1771 intelli·

91 1828 171 1901 ges,
198 1803 280 1875 nihil
294 1802 358 1893 esse
371 1829 390 1876 a
405 1830 478 1894 me,
505 1805 563 1876 nisi
586 1805 747 1881 orationis
773 1807 986 1881 acerbitatem
1011 1825 1044 1881 et

90 1913 294 1987 iracundiam
312 1967 325 2005 ‚
357 1931 391 1987 et
407 1915 431 1987 st
449 1914 575 2006 sorte,·
590 1942 667 1989 raro
697 1918 866 1990 literarum
890 1918 1053 2018 missarum
1071 1958 1073 1963 ·

91 2023 332 2123 indiligentiam
360 2026 602 2125 reprehensam.
642 2030 774 2124 Quibus
790 2031 930 2128 quidem
948 2033 985 2105 in
1002 2058 1052 2107 re·
1070 2082 1072 2087 <

91 2133 154 2208 bus
171 2134 199 2206 st
215 2137 306 2231 apud
327 2153 360 2209 te
381 2136 456 2233 plus
477 2138 759 2230 ausloritasmea,
788 2144 890 2237 quam
914 2160 972 2217 tua
988 2142 1052 2216 sive

90 2261 207 2316 natura
218 2244 318 2339 paulo
332 2245 464 2332 acrior,
487 2244 556 2320 sive
571 2248 731 2344 quaedam
752 2248 894 2320 dulcedo
920 2251 1051 2324 iracun-

90 2349 181 2441 diae,
208 2351 277 2426 five
307 2351 441 2425 dicendi
473 2353 516 2424 sal
542 2353 744 2451 facetiaeque
769 2356 948 2448 valuisset,
975 2360 1052 2431 nihil

4 2489 7 2494 ·
72 2550 73 2553 Ἴ
90 2461 165 2557 sane
178 2461 259 2536 eslet
272 2516 283 2552 ,
295 2463 390 2559 quod
403 2488 466 2536 nos
480 2465 673 2560 poeniteret.
688 2469 729 2537 Et
742 2466 906 2565 mediocri
921 2493 977 2541 me
992 2470 1050 2541 do-

86 2571 162 2644 lo're
178 2597 274 2672 putas
286 2573 389 2663 affici,
407 2598 484 2647 cum
506 2573 657 2663 audiam,
674 2601 739 2670 qua
754 2572 792 2646 sit
806 2575 1051 2659 existimatione

90 2681 267 2778 Virgilius,
287 2700 442 2778 quatuus
453 2685 584 2757 vicinus
606 2686 647 2757 C.
662 2685 850 2759 Odaviusl
873 2689 964 2759 Nam
985 2691 1053 2762 site
1084 2702 1088 2710 '

88 2789 302 2865 interioribus
319 2792 439 2866 vicinis
459 2794 544 2884 tuis,
567 2793 732 2864 Ciliciensi
749 2785 781 2864 et
799 2795 943 2891 Syriaco
965 2816 1052 2869 ante·

88 2899 210 3000 ponis,
221 2903 318 2978 valde
330 2930 487 3003 magnum
503 2905 594 2983 facis
606 2904 714 3002 Atque
727 2905 756 2977 is
767 2906 867 2978 dolor
877 2906 928 2980 est
936 2960 949 2996 ,
964 2906 1052 3005 quod

21 3018 23 3023 ’
90 3037 168 3084 mim
178 3011 222 3102 ii,
239 3039 324 3110 quos
344 3013 532 3105 nominavi,
554 3032 587 3087 te
605 3014 798 3087 innocentia
811 3039 882 3086 non
897 3016 1053 3106 vincant,

90 3120 231 3196 vincunt
249 3143 360 3196 tamen
381 3122 523 3196 artificio
543 3122 798 3198 benevolentiae
828 3123 1054 3221 colligendae,

89 3255 150 3326 qiu
165 3255 280 3328 neque
301 3232 434 3329 Cyrum
452 3232 713 3330 Xenophontis,
739 3257 845 3359 neque
869 3233 1053 3358 Agesilaum

91 3337 269 3422 noverint:
286 3365 428 3439 quorum
442 3367 557 3438 regum
582 3343 740 3419 summo
730 3370 766 3415 ιιι
783 3343 928 3439 imperio
951 3371 1051 3419 nemo

51 3469 71 3544 3
92 3474 237 3573 unquam
252 3451 395 3532 verbum
416 3452 520 3526 ullum
533 3453 676 3552 asperius
693 3454 832 3530 audivit.
860 3455 926 3527 Sed
943 3457 1054 3532 haeca

92 3555 258 3657 principio
272 3559 333 3633 tibi
346 3562 564 3660 praecipiens,
579 3581 741 3662 quantum
751 3564 973 3662 profecerint,
989 3592 1054 3640 non

92 3664 350 3770 ignoro.‚Nunc
359 3679 473 3751 'tamen
485 3673 646 3766 decedens
660 3672 717 3775 (id
730 3674 917 3775 quodmihi
929 3675 999 3754 iam
1011 3675 1056 3753 sa·

12 3754 152 3968 l.
