2348 4238
287 125 513 247 iruna
562 144 704 244 xv.¹
823 195 942 284 Ιιο,

78 335 218 410 Cofiano
237 335 350 434 egisti,
370 335 507 432 optime.
534 310 640 428 Q‘uod
652 359 720 408 non
734 334 839 409 solum
853 359 945 423 mea,

78 473 101 519 n
114 449 214 520 etiarn
231 464 287 516 tua
300 442 436 541 expedis
447 498 458 530 ,
471 459 609 541 gratum.
636 442 849 538 Legationem
862 466 946 540 pro-

78 583 196 646 neam,
208 556 349 655 gaudem
361 554 465 646 Quod
480 552 664 649 promittis,
676 554 722 624 dii
735 552 851 629 faxint.
864 553 947 650 quid

81 668 165 740 mihi
176 667 257 739 meis
267 663 462 738 iucundius?
476 661 644 758 sedistam,
656 689 755 763 quam
763 682 799 736 tu
809 664 947 760 excipis,

78 802 109 849 o.
132 779 270 848 Brutum
283 793 360 847 cum
375 798 588 860 convenem,
604 772 804 868 perscribam
824 773 948 845 omnia.

78 888 200 974 laneo,
210 902 243 957 et
257 883 424 967 Decimo,
439 880 514 957 sane
528 882 639 954 velim.
664 883 799 953 Sextum
820 880 949 956 scutum

78 1023 130 1069 ere
145 996 308 1068 nolebam
321 996 377 1066 De
392 993 537 1077 Mundo,
551 989 669 1097 fiqnid
685 991 773 1064 scies.
789 988 949 1088 Rescripsi

78 1103 158 1181 nnia
176 1125 240 1175 tua.
262 1127 351 1174 nunc
364 1098 474 1170 nostra
485 1093 612 1194 accipe.
634 1098 782 1200 Quintus
795 1095 879 1170 filius
891 1123 950 1172 us-

78 1210 254 1283 Puteolos:
273 1207 451 1308 (mirus
423 1207 528 1295 civis,
543 1224 580 1278 ut
599 1227 636 1277 tu
651 1194 952 1296 Favonium,Asr-

78 1323 204 1395 dicas:
216 1321 282 1420 )et
296 1320 433 1418 quidem
458 1319 538 1391 duas
559 1305 605 1388 ob
623 1316 754 1400 causas,
774 1334 808 1388 et
822 1340 859 1389 ut
880 1343 952 1390 me-
1019 1406 1022 1413 .

78 1447 139 1519 ,et
158 1439 340 1504 castraretur
360 1426 432 1499 vult
454 1449 539 1508 cum,
553 1425 656 1496 Bruto
679 1444 712 1496 et
731 1423 853 1498 Caffio.
887 1426 952 1500 Sed

78 1538 122 1609 tid
135 1538 205 1607 ais?
228 1534 295 1607 scio
316 1534 405 1605 enirn
425 1551 456 1605 te
480 1532 671 1621 familiarem
686 1531 751 1604 effe
766 1533 955 1610 Othonum.
999 1597 1000 1600 ,

78 1632 190 1718 licsrbi
206 1644 321 1716 luliam
342 1643 437 1726 serre.
457 1641 672 1714 constitutum
689 1632 777 1715 enim
799 1643 864 1717 elle
886 1645 956 1717 dis-

78 1778 129 1828 tm.
152 1752 311 1852 quaesivit
321 1777 364 1824 ex
376 1777 431 1824 rne
446 1772 539 1848 pater
552 1805 563 1841 ‚
576 1750 680 1849 qualis
693 1754 773 1826 esset
785 1755 881 1830 sama.
900 1756 955 1827 di·
1033 1833 1037 1842 ,

78 1862 146 1933 nihil
159 1861 233 1933 sane
246 1886 301 1932 me
315 1859 437 1931 audisse
447 1857 656 1958 (nesciebam
669 1861 758 1931 enim
769 1913 780 1950 ,
792 1887 850 1934 cur
861 1887 958 1959 quae·
1018 1919 1020 1925 ,

78 1999 101 2060 ἰ
115 1974 131 2065 )
145 1969 204 2040 nisi
216 1970 257 2046 de
271 1991 355 2054 ore,
370 1985 403 2038 et
419 1977 521 2063 p'arre.
543 1964 599 2037 sed
616 1967 756 2062 qu⁰¹s⁰⁸
768 2021 779 2057 ²
793 1969 956 2066 inquam?
974 2068 977 2072 »
1092 2028 1098 2044 “

78 2083 127 2170 le,
147 2076 253 2176 fillum
271 2075 366 2148 velle.
388 2095 458 2146 tum
482 2096 568 2171 ego,
582 2070 638 2144 etsi
654 2067 956 2169 esleavrropcnr'Jta-

94 2187 214 2287 negavi
239 2204 355 2284 putare
369 2174 432 2257 ¹me
455 2185 511 2256 illa
532 2183 712 2282 eslevera:
732 2222 842 2264 caunos
862 2187 957 2287 (hod
991 2213 1014 2243 ³

77 2295 183 2395 enim)
207 2295 286 2368 huic
309 2292 532 2379 nostro-nihil
556 2292 737 2390 ptaeberess
763 2296 819 2367 illa
846 2314 957 2398 autem

78 2446 111 2504 μ
129 2444 209 2485 τιτι.
230 2428 293 2501 ego
310 2422 421 2475 tamen
437 2402 603 2498 suspicor,
616 2401 721 2488 hunc,
732 2418 769 2474 ut
789 2401 891 2494 solet,
908 2407 958 2477 al-

78 2519 145 2593 tari.
170 2518 225 2590 sed
244 2516 346 2589 velim
368 2539 525 2613 quaeras:
543 2511 668 2618 (facile
686 2530 793 2586 autem
812 2537 927 2614 potes:
938 2516 957 2617 )

80 2629 322 2718 ecertiorent.

78 2736 197 2808 bsecro
218 2751 250 2804 te
265 2729 376 2829 ,quid
390 2708 436 2802 est
453 2730 543 2804 hoc?
567 2733 721 2831 Signata'
712 2758 778 2804 ram
793 2666 958 2859 epistola,
987 2708 1004 2731 ⁸

78 2844 166 2918 niani
175 2897 187 2930 ,
197 2868 255 2942 qur
245 2842 356 2936 apud
370 2866 423 2912 me
437 2843 640 2928 coenabant,
651 2841 814 2915 Plancum
820 2830 878 2934 se,
887 2846 958 2920 aie·

82 2955 208 3041 ,hunc
231 2949 471 3041 buthrotium,
481 2953 610 3049 pridie,
633 2948 732 3048 quam
748 2953 815 3037 hoc
835 2944 957 3027 scribe

88 3118 99 3151 ,
118 3063 153 3134 id
171 3062 218 3134 est
231 3084 275 3133 ιιι
290 3055 429 3149 Nonas,
443 3061 560 3142 vidille
577 3062 772 3151 demissum,
787 3062 853 3137 sne
873 3065 958 3188 pha
1008 3136 1011 3145 ,

86 3174 258 3261 ;servulos
281 3162 390 3243 autem
411 3152 542 3260 dicere,
558 3197 635 3242 eum
652 3189 685 3243 et
698 3189 856 3268 agapetas
866 3199 957 3246 erec
1036 3239 1039 3243 .

78 3311 91 3357 ι
107 3283 297 3357 Buthrotus
311 3284 427 3354 malle.
442 3280 499 3353 sed
510 3281 630 3370 amabo
639 3303 695 3372 te,
708 3281 874 3378 perscribe
892 3282 958 3418 ni,
950 3360 961 3376 .,

78 3415 158 3472 itum
178 3391 359 3535 negotium.
