2348 4238
210 292 242 338 ,-
345 226 752 340 tstnnn‘xttt.
974 265 1023 346 η

50 413 139 507 lrleth
148 414 316 505 Varroni,
327 411 385 486 ni'sr
399 413 486 486 forte
496 409 648 486 muravit.
661 434 724 483 nec
737 406 785 484 est
799 405 915 484 melius
925 411 1022 509 quid·
1110 410 1121 461 '¹

53 552 152 625 quam
163 580 175 617 ,
186 550 288 624 quam
302 545 340 596 ut
355 521 528 594 Lucullus:
548 525 575 592 S
576 521 708 622 ustinrat
719 546 858 609 currum,
872 546 908 592 ut
918 525 1032 592 bonus·

45 641 136 732 saepe
153 638 313 732 agitator,
332 660 503 728 quosqam
523 628 719 729 semperque
736 631 925 704 Carneades
950 666 1023 727 epu

53 764 136 835 erim
155 747 300 846 pugilis,
317 762 349 817 et
370 743 590 819 retentionem
605 741 761 840 'aurigam
780 741 919 816 stmilem
941 744 1024 819 sacit

54 893 165 955 ιποχη.
191 855 351 929 inhibitio
372 872 482 928 autem
506 851 670 950 remigum
694 870 823 925 motum
845 852 966 947 haber,
988 878 1025 933 et

56 969 343 1043 vehementiorem
366 968 525 1064 quidem,
538 963 768 1062 remigationis
791 986 911 1039 navem
934 992 1023 1042 con·
1077 988 1082 995 ·

57 1080 216 1153 vertentis
235 1081 276 1151 ael
289 1080 441 1176 puppim.
460 1076 587 1168 Vides,
602 1093 730 1175 quanto
749 1079 816 1151 hoc
834 1077 1024 1178 diligentia!

56 1214 190 1278 curem,
207 1212 309 1287 quam
328 1204 386 1259 ant
407 1187 450 1259 de
467 1208 624 1275 rumore,
643 1204 701 1259 eut
722 1187 763 1260 de
782 1183 955 1262 Pollione:
980 1189 1025 1265 de

57 1301 157 1372 Pansa
183 1300 307 1388 etiam,
329 1297 457 1394 siquid
487 1296 608 1370 certius
622 1320 633 1382 3
649 1287 781 1394 (credo
804 1296 894 1369 enim
916 1299 1026 1394 palam

56 1409 182 1484 sallum
204 1407 319 1507 effer)
340 1408 382 1479 de
403 1406 587 1497 Critonio,
604 1405 628 1477 sr
650 1405 733 1504 quid
752 1404 857 1477 effett
890 1427 1026 1482 certene

56 1517 252 1594 de'Metello
270 1538 303 1593 et
321 1518 485 1591 Balbino?
510 1516 581 1590 Dic
594 1512 698 1604 mihi,
716 1513 866 1610 placetne
880 1515 941 1587 tibi
956 1519 1028 1615 pri·

59 1656 152 1703 mum
166 1682 178 1715 ,
192 1626 291 1702 edere
305 1628 423 1701 iniullu
444 1623 552 1701 meo?
567 1625 634 1698 hoc
642 1647 691 1700 ne
699 1621 937 1699 'Hermodorus
951 1627 1029 1727 qui*

60 1741 134 1812 dem
149 1736 313 1828 faciebat,
328 1737 357 1812 is
370 1739 428 1836 qui
445 1736 589 1819 Platonis
607 1733 712 1808 libros
731 1733 843 1806 solitus
855 1735 900 1807 esl
915 1737 1035 1812 divular

61 1877 156 1950 gare3
169 1877 215 1924 ex
228 1855 298 1950 qu'o
309 1881 442 1945 noyosco
450 1858 627 1941 ‘Efprlnpe
642 1841 725 1941 qnid
738 1838 819 1915 illud
830 1842 844 1914 i
855 1846 1028 1924 teslumne

60 1961 225 2036 existimas
240 1958 392 2056 miquam
412 1973 506 2045 anre,
520 1962 621 2052 qnam
636 1953 767 2028 bruto?
791 1955 845 2028 etti
861 1976 894 2028 te
908 1963 1030 2035 auno-
1147 1950 1155 1973 '

60 2092 96 2143 re
108 2099 276 2165 egerem.
295 2063 421 2162 scripsit
439 2062 529 2135 enim
538 2061 656 2135 Balbus
668 2061 710 2133 acl
720 2079 790 2148 nie,
805 2062 838 2138 se
852 2090 872 2137 a
884 2084 918 2140 te
929 2071 1030 2168 quin·

59 2195 129 2253 tum
148 2177 192 2251 de
212 2174 343 2251 sinibus
356 2174 479 2283 libpum
494 2171 712 2271 descripsisse3
732 2169 767 2245 in
781 2200 852 2272 qno
866 2173 937 2252 non
950 2180 1029 2259 sane

10 2316 12 2321 ·
62 2288 162 2362 multa
174 2283 303 2360 manvi
314 2308 323 2355 r
336 2285 391 2358 sed
404 2303 514 2357 tamen
532 2285 706 2383 qeraedam.
736 2294 777 2356 tu
794 2306 907 2363 antem
926 2318 1037 2368 com-e

63 2400 165 2474 mode
183 2394 358 2487 feeeris,s1
378 2394 526 2495 reliquos
544 2395 767 2486 continueris,
781 2416 826 2473 ne
841 2417 874 2472 et
886 2415 1034 2500 arrepto-²

63 2547 103 2590 ra
113 2510 233 2586 haben
244 2508 381 2601 Bulbus,
393 2527 428 2583 et
441 2521 519 2584 tere
531 2508 659 2580 brutus.
673 2508 735 2581 sed
749 2508 831 2586 haec
847 2510 1036 2610 hellenus,
1065 2566 1069 2574 ·

64 2647 104 2696 ne
117 2619 238 2704 videar
247 2655 312 2716 orer
330 2653 422 2716 μικςα
437 2630 610 2714 cnriesrrr.
629 2614 687 2691 etst
701 2643 791 2693 nunc
802 2623 937 2721 quidem
952 2655 1027 2705 ma.

64 2733 150 2804 xirna
168 2728 255 2805 mihi
266 2729 340 2804 sunt
361 2731 451 2804 haec.
472 2728 618 2829 quidest
639 2730 729 2804 enim
743 2732 854 2811 aliudl
877 2741 1026 2820 Varroni

13 2912 15 2939 =
64 2841 201 2941 quidem
218 2866 300 2939 quae
311 2840 423 2940 scripsi
439 2858 472 2914 te
486 2842 641 2930 aullore,
659 2843 704 2926 ite
714 2869 865 2945 propero
878 2848 1030 2950 mittere,

13 2944 17 3095 l
65 2974 99 3027 ut
122 2957 193 3028 iam
217 2956 361 3026 Romam
375 2951 532 3024 'miserim
555 2952 776 3055 describenda.
809 2978 853 3030 ea·
869 2956 892 3031 sr
910 2958 1032 3058 voles,

13 3102 17 3121 ·
66 3063 174 3137 statim
193 3060 343 3155 babebis.
373 3060 482 3158 scripsi
502 3060 592 3134 enim
616 3063 660 3134 all
678 3063 853 3154 librarios,
873 3089 910 3143 ut
932 3067 1034 3153 lieret·

66 3176 152 3264 mie,
166 3173 191 3247 fi
204 3190 242 3247 tu
253 3173 380 3264 velles,
393 3172 600 3246 describendi
617 3172 767 3271 poteslas.
785 3202 824 3250 ea
841 3204 925 3252 vero
943 3207 1036 3259 cone

13 3324 19 3343 ·-
59 3287 201 3376 tinebit,
214 3285 325 3386 quoad
336 3284 406 3385 ipse
420 3299 453 3358 te
462 3284 724 3384 videmmquod
735 3286 974 3386 diligentitlime
985 3293 1033 3369 fa·

64 3421 141 3472 cere
154 3394 350 3486 solemnem
365 3421 385 3468 a
399 3420 454 3468 me
467 3394 529 3469 tibi
542 3394 665 3469 dietum
682 3397 738 3472 esl.
756 3420 834 3471 cum
852 3420 961 3487 autem
979 3404 1036 3479 su·

58 3507 110 3606 git
123 3530 182 3577 me
198 3504 259 3577 tibi
275 3505 407 3596 dicere,
422 3501 564 3576 mirifice
575 3505 738 3580 Caerellia
757 3505 866 3581 studio
877 3509 1038 3587 videlicet

59 3605 296 3714 philosophiae
315 3610 457 3714 flagrans
475 3613 628 3689 describit
648 3643 667 3690 a
690 3618 775 3691 tuis:
794 3617 873 3694 illos
894 3622 983 3721 ipsot
998 3613 1058 3697 de

54 3724 204 3800 Finibus
213 3724 326 3797 hebet.
339 3726 420 3822 ‘ego
441 3740 553 3821 autem
572 3724 635 3800 tibi
660 3724 854 3814 confirmo,
870 3725 1035 3830 (poffnm

135 3824 233 3897 Cicer.
256 3825 352 3918 Oprr.
380 3826 453 3897 Vol.
476 3819 547 3902 IX.
705 3910 708 3915 p
816 3824 844 3898 B
1013 3898 1116 3994 ,‘
