2348 4238
74 234 97 288 2
219 203 544 289 aristottnuu
568 183 637 288 in
663 152 879 294 imaum

72 379 191 452 tiffime
213 376 314 452 etiam
331 380 371 450 ad
392 378 533 453 Tullios.
557 392 659 479 quare
681 398 740 454 aut
759 381 818 455 ista
833 381 1038 481 proficient‚‘

71 512 130 567 rut
144 491 232 564 aliud
244 515 390 588 agamus.
416 489 473 561 De
494 487 633 586 pecunia
650 516 736 564 vero
756 492 858 565 video
872 519 891 564 a
905 515 937 567 te
955 521 1037 569 orn·

10 682 13 687 ,
70 624 147 675 nem
158 593 361 698 diligentiam
374 597 544 688 adhiberi,
557 600 611 674 vel
629 602 742 698 potius
755 596 819 675 iarn
832 605 1034 682 adhibitam.
1040 628 1044 635 ·

1 704 3 709 ’
69 712 166 810 quod
180 709 204 781 st
215 708 338 809 efficis,
353 733 373 779 a
387 727 420 782 te
438 709 558 782 hortos
572 708 714 801 habebo.
745 740 808 787 nec
827 741 912 788 vero
931 713 1037 790 ullum

1 828 8 843 '
69 843 173 918 genus
196 804 400 925 poffeliionis
420 817 484 904 est,
508 819 599 915 quod
624 821 758 910 malim,
780 825 924 897 maxime
949 826 1038 899 scili·

54 947 124 1013 ,cet
144 928 283 1001 obeam
305 918 450 1016 causant,
474 954 557 1025 quae
581 927 727 1026 suscepta
746 931 813 1002 est·
805 936 926 1021 ;cuius
945 922 1041 1008 festi'

71 1034 239 1116 nationem
256 1041 338 1114 mihi
355 1041 464 1131 tollis,
475 1042 635 1138 quoniam
653 1045 694 1116 de
711 1036 829 1122 aellate
851 1050 1040 1146 polliceris,

69 1152 123 1226 vel
142 1152 252 1249 potius
268 1150 411 1246 recipis:
427 1149 545 1222 deinde
560 1151 658 1223 etiam
676 1153 717 1224 ad
738 1144 918 1238 καταβιωσιι
939 1183 1038 1230 moe-

70 1260 255 1359 llitiamque
267 1258 480 1365 minuendam
500 1258 581 1329 nihil
599 1258 682 1331 mihi
701 1261 839 1356 reperiri
855 1264 964 1359 potest
982 1291 1040 1362 ap·

64 1368 159 1471 'tiust
178 1371 271 1443 cuius
290 1369 338 1441 rei
361 1369 522 1466 cupiditas
549 1366 688 1465 impellit
714 1394 768 1440 me
790 1370 957 1444 interdum
968 1416 983 1462 ‚·
1000 1393 1040 1448 ut

71 1503 107 1560 te
125 1484 252 1557 hortari
275 1483 388 1583 velim.
403 1481 457 1552 sed
474 1506 529 1553 me
544 1479 613 1575 ipse
627 1507 767 1559 revoco.
782 1507 851 1556 non
866 1485 955 1558 enim
972 1479 1037 1557 du·

72 1593 165 1683 bito,
183 1593 287 1690 quin,
309 1591 403 1688 quod
418 1602 471 1662 me
491 1583 685 1664 vatde'velle
699 1614 813 1688 putes,
827 1592 862 1664 in
877 1618 920 1688 ep
934 1614 968 1666 ru
984 1619 1039 1668 me

66 1706 180 1804 iplu‘m
202 1701 381 1799 cupiditate
399 1698 527 1774 vincas.
547 1702 659 1800 iraque
681 1700 761 1775 illuc
778 1701 844 1775 iam
861 1728 925 1801 pto
948 1702 1040 1798 lado

2 1869 7 1879 .
68 1814 193 1889 habeo.
228 1811 409 1906 helpedio,
431 1809 514 1906 quid
537 1808 604 1883 istis
627 1811 753 1907 placeat
773 1811 814 1883 de
837 1811 975 1910 epistola
996 1813 1039 1885 ad

22 1995 24 2000 ,
71 1920 258 1997 Caesarem.
286 1918 399 1993 Nicias
412 1940 461 2002 re,
484 1918 657 2006 utdebet,
679 1937 786 2006 amat,
808 1922 1045 1992 vehementem

32 2046 35 2053 “
65 2046 140 2136 'que
153 2052 208 2108 tua
225 2031 271 2107 sui
285 2031 448 2123 memoria
461 2030 650 2103 delellatur.
668 2034 740 2130 Ego
750 2055 837 2103 vero
848 2032 1038 2106 Peduceum

72 2146 227 2223 nostrum
243 2143 459 2219 vehementer
483 2142 598 2239 diligo.
623 2162 753 2219 namet
774 2143 887 2240 quanti
909 2163 1038 2240 patrem

34 2290 42 2309 ·
72 2256 158 2349 feci,
178 2275 289 2335 totum
311 2256 347 2327 in
366 2254 529 2327 honeret
546 2251 652 2348 ipsum
672 2277 732 2348 per
754 2251 786 2323 se
808 2276 915 2348 aeque
939 2278 1038 2339 amo,

63 2385 173 2466 arque
185 2357 281 2440 illuin
303 2365 489 2451 amavi31‘e
513 2387 597 2436 vero
617 2361 816 2461 plurimum,
836 2386 895 2458 qut
885 2361 979 2435 hoc
996 2364 1038 2434 ab
1056 2407 1060 2413 -

65 2495 219 2574 'utroque
244 2475 394 2550 nostrum
419 2472 490 2547 fieri
515 2471 606 2547 velis
637 2472 670 2544 Si
691 2472 809 2543 hortos
835 2468 1039 2567 inspexeris,

64 2583 143 2656 'etsi
153 2584 200 2655 de
223 2581 404 2683 epistola
378 2570 554 2654 certiorem
570 2601 625 2648 me
641 2576 774 2665 feceris,
790 2577 918 2649 dederis
934 2578 1039 2668 mihi,
1044 2648 1046 2651 ,

26 2690 31 2709 ’
73 2684 167 2788 quod
186 2690 227 2762 ad
243 2708 276 2762 te
296 2688 457 2766 scribam·
448 2686 523 2779 ·fin
535 2685 670 2774 minus,
688 2683 827 2758 scribam
844 2704 954 2758 tamen
974 2687 1036 2760 ali·

72 2799 167 2899 quid.
181 2823 352 2898 nunquam
367 2799 456 2872 enim
472 2766 587 2907 deerit.

265 2976 501 3093 ClCERO
551 3012 793 3145 atttco
841 3017 873 3091 S

75 3135 400 3315 nGteattott
415 3237 498 3313 mihi
511 3162 660 3314 celeritas
674 3257 731 3309 tua
741 3259 872 3334 ,quarn
890 3232 957 3329 ipsa
976 3258 1039 3307 tes.

73 3347 158 3445 quid
175 3348 264 3420 enim
283 3346 476 3444 indignius?
500 3347 582 3421 sed
574 3375 640 3421 ram
661 3348 702 3421 ad
719 3346 777 3418 illa
795 3342 1040 3432 obduruimuS,

74 3470 109 3528 et
131 3455 368 3529 humanitatem
388 3481 523 3551 ornnem
551 3457 714 3530 exuimus
735 3456 825 3547 Tuas
844 3448 953 3537 literas
974 3452 1039 3520 ho-

64 3567 130 3642 ·die
149 3566 398 3664 exspellabam,
412 3567 494 3639 nihil
506 3566 661 3664 equidem
675 3583 712 3640 ut
725 3589 767 3636 ex
781 3563 820 3636 iis
832 3560 939 3633 novi:
956 3554 1039 3657 quid

38 3712 44 3721 ·
75 3678 193 3756 enimi
216 3699 459 3760 verumtamen.
487 3678 606 3778 Oppio
628 3694 661 3753 et
681 3659 784 3751 Balbo
802 3674 954 3774 epistolas
977 3673 1038 3746 de·

14 3902 176 3984 *A*
334 3958 337 3965 ,
481 3886 577 3979 .’
805 3888 826 3939 ”
