2348 4238
250 190 767 304 :nanuum
887 228 891 233 ·
987 224 1067 330 3171

153 384 159 393 '
217 386 221 395 '
274 386 518 475 ercutio
569 405 812 479 trrrco
858 408 891 478 s.

94 630 129 696 4·
144 509 255 684 ITA
275 607 405 684 utheri
430 608 492 681 tibi
519 610 674 698 narravi,
694 612 750 683 vel
763 612 907 687 'fortasse
930 613 1067 705 l'todie„

94 714 278 813 (Quintus
298 718 388 791 enim
418 720 530 794 altero-
553 724 608 795 elie
623 721 658 794 se
684 723 847 822 aiebat,)
880 725 916 797 in
938 727 1061 800 Nefida

94 848 170 897 vm
188 826 277 899 ldur.
299 826 347 900 ibi
362 829 489 902 Brutus.
510 854 610 927 quam
630 828 685 901 ille
703 830 810 903 doluit
821 832 864 913 de,
877 833 1066 907 Nonium·-

94 941 182 1009 liis?
196 936 336 1011 mirifice
348 938 398 1012 est
410 940 760 1041 conturbatumque
777 941 842 1016 sese
856 945 1059 1041 scripturum

95 1050 226 1138 aiebat,
248 1069 287 1123 ut
309 1052 525 1125 venationem
537 1053 666 1142 etiam,
687 1076 771 1150 quae
790 1053 949 1150 postridie
960 1055 1070 1129 ludos:

95 1162 307 1259 Apollinares
322 1163 434 1238 futura
460 1164 526 1254 est,
546 1164 790 1262 proscriberent
809 1184 853 1236 111
872 1165 919 1238 ld.
939 1169 1070 1261 Quint..

93 1274 182 1345 Libo
194 1273 391 1348 interuenit.
408 1273 436 1347 is
448 1273 641 1363 Philonem,
663 1273 814 1369 Pompeii
831 1272 986 1344 libertum
1001 1325 1012 1361 ,
1025 1290 1061 1348 et

94 1379 268 1466 Hilarum,
282 1385 382 1467 ¹suum
396 1432 407 1468 ,
424 1381 550 1453 venille
561 1408 580 1452 a
593 1383 696 1453 Sexto
708 1404 793 1453 cum
805 1379 909 1451 literis
923 1377 964 1448 ad
973 1400 1059 1450 'con-

93 1488 177 1562 sulca
191 1544 203 1580 ,
220 1490 301 1563 stuc¹
311 1515 383 1589 quo
397 1490 464 1562 alio
478 1492 616 1563 nomine
629 1491 713 1563 sunt.
730 1514 845 1563 carum
863 1488 1059 1587 exemplum

93 1599 194 1670 nobis
214 1598 351 1696 legit,sr
364 1597 444 1696 quid
467 1599 646 1672 videretur.
663 1626 766 1696 pauca
779 1636 862 1694 roga
874 1609 978 1693 misr,
1000 1622 1067 1671 ce·-

92 1708 226 1808 teroqui
245 1727 279 1782 et
296 1710 369 1783 satis
383 1710 551 1808 graviter,
567 1731 601 1782 et
618 1736 686 1782 non
709 1709 959 1804 contumaciter.
984 1722 1066 1783 tans-

92 1833 169 1888 tum
181 1816 260 1888 addi
280 1817 432 1911 placuit,
451 1818 632 1915 quoderat
645 1818 723 1916 roffi.
739 1813 927 1904 solum,.-ut
951 1817 1059 1911 effet',

88 1946 202 2027 praetr.
217 1925 307 1994 tribu
321 1927 401 2017 pleb.
411 1925 541 2018 senatus'
549 1950 561 2008 ;
587 1948 628 1995 ne
643 1923 692 1994 illi
707 1947 775 1994 non
788 1920 1059 2020 profanantem,

93 2057 179 2129 quae
192 2032 235 2107 ad
245 2030 336 2128 ipsos
349 2032 463 2106 millae
482 2033 593 2105 ellent.
627 2037 759 2104 Sextum
780 2048 890 2104 autem
909 2035 1061 2108 nuntiant

91 2162 172 2213 curn
195 2164 261 2212 una
276 2139 394 2213 ¹solutu
412 2143 547 2240 legione
569 2141 664 2216 tuille
688 2143 891 2243 Carthagine
900 2141 918 2229 '3-
934 2145 1034 2245 eique
1047 2199 1068 2239 ,

93 2273 136 2323 co
163 2248 240 2345 ipso
259 2249 344 2338 die,
364 2270 438 2347 qu'o
459 2252 621 2349 oppidum
639 2255 781 2327 Boream
800 2253 956 2347 cepisset,
974 2282 1060 2328 nun.-

93 2360 217 2433 tiatum.
230 2359 296 2434 ess'e
313 2359 529 2445 chaesare:
555 2379 652 2457 capto
667 2362 817 2457 oppido,
836 2362 953 2433 miram
967 2364 1061 2439 lacti-
1131 2414 1134 2425 ·

92 2468 177 2539 tiam
188 2469 551 2565 commutationemque
566 2468 773 2557 animorum,
797 2468 1060 2566 concursumque

92 2578 267 2675 undiquer
289 2577 344 2651 sed
365 2578 463 2650 illurn
484 2578 527 2649 ad
540 2577 599 2650 sex
620 2578 790 2675 legiones,
816 2603 897 2676 quas
920 2578 954 2649 in
973 2581 1059 2653 ulte·

94 2686 187 2759 riore
201 2684 379 2782 reliquiffet
391 2733 404 2770 ‚
418 2683 597 2758 revertiffe.
632 2684 799 2781 adipsum
824 2704 935 2758 autem
953 2686 1059 2759 libo·

95 2818 173 2867 nem
194 2794 337 2892 scripsit,
358 2795 441 2867 nibil
463 2794 554 2882 elle,
571 2794 683 2867 nistad
696 2797 796 2868 larem
812 2795 908 2868 fuum
933 2795 1062 2869 liceret.

95 2908 226 2980 summa
242 2892 504 3004 polbrlatorum,
525 2924 562 2979 ut
582 2932 700 2980 omnes
716 2908 879 2981 exercitus
892 2908 1061 2981 dimittan-

96 3037 149 3087 tur
160 3069 173 3101 ,
184 3018 245 3113 qui
257 3015 382 3114 ubiqoe
392 3017 463 3088 fint.
486 3015 647 3088 haecfere
662 3017 702 3087 de
722 3017 895 3089 bertrude
914 3017 1060 3091 Butlrru·¹

96 3123 148 3197 tiis
170 3123 320 3221 undique
342 3150 502 3222 quaerens
528 3123 612 3196 nihil
633 3123 856 3220 reperiebam,
884 3125 958 3211 alii,
975 3150 1061 3198 con·

99 3230 184 3305 cison
203 3233 388 3331 agripetas3
416 3235 491 3320 alii,
517 3233 692 3323 Plancum,
718 3233 863 3330 acceptis
891 3234 1060 3319 nummis,

99 3341 217 3415 teliffis
234 3342 330 3428 illis,
351 3342 519 3442 aufugiffe.
539 3343 651 3440 itaq'ue
677 3367 748 3414 non
773 3344 877 3416 video
898 3340 1058 3416 sciturum

101 3472 170 3538 me,
189 3449 273 3546 quid
283 3449 359 3523 eius
366 3448 425 3539 fit,
444 3451 478 3523 ni
490 3450 595 3523 {latim
616 3451 739 3548 aliquid
753 3451 932 3524 literanum
946 3454 1012 3523 lter
1025 3451 1067 3524 iu-

101 3554 154 3629 lud
174 3557 409 3648 Bnutdisrum,
431 3559 564 3657 dequo
589 3561 804 3652 dubitabam,
825 3561 986 3659 sublatum
1007 3562 1065 3635 vi·
1119 3639 1121 3647 ,

104 3667 205 3741 demr.
221 3669 370 3768 legiones
386 3671 474 3744 enim
486 3671 663 3747 adventare
678 3672 840 3843 dicunlqur.
858 3673 938 3748 haec
949 3697 1064 3749 autent

830 3795 854 3867 ἲ
999 3806 1002 3811 .
