2348 4238
280 266 335 287 ›·
389 230 660 312 'utura
709 240 734 310 t
944 222 1066 333 ‘qr

85 398 141 471 ius
152 397 270 486 omnia
283 398 462 500 pollicetur
475 418 508 477 et
522 386 792 498 Caesarequibus
805 423 871 497 ego
885 398 930 497 ita
945 400 1060 489 cred0,

86 527 129 581 utv
145 508 234 581 nihil
254 509 299 583 de
327 509 675 608 mea-comparatione
688 509 892 594 deminuam.
914 511 1060 583 Tribuni

88 619 200 716 plebis
211 618 371 719 designati
383 620 457 693 sunt
471 620 569 695 nobis
578 620 693 715 amici.
713 619 873 704 Consules
887 620 920 694 se
932 622 1062 719 optime

90 725 283 799 ostendunt.
298 731 472 803 Praetores
483 728 640 801 habemus
653 727 893 818 amiciffimos‚
918 746 953 802 et
967 746 1063 811 acer·

91 836 204 909 timos
228 835 343 922 cives,
373 836 594 922 Domitium,
615 836 810 934 Nigidium,
836 836 1064 926 Memmium,

92 948 295 1042 Lentulum
322 949 434 1023 bonos
455 946 557 1025 etiam
582 947 684 1022 alios:
714 936 856 1023 seditos
877 948 1064 1047 fingulares.
1148 992 1150 997 ·

91 1060 374 1155 Qturemagnum
388 1055 442 1135 sae
454 1056 604 1129 adituum
620 1056 753 1146 habeas,
778 1075 813 1130 et
825 1054 916 1153 spem
929 1058 1065 1129 bonam.
1094 1064 1098 1071 '

92 1169 151 1243 De
173 1169 309 1267 fingulis
328 1191 441 1243 tamen
453 1170 578 1260 rebus,
605 1194 690 1268 quae
711 1168 863 1269 quotidie
887 1188 1064 1269 gerantur.

94 1275 266 1353 faciamte
279 1279 402 1351 crebro
415 1279 606 1354 certiorem.

218 1444 479 1530 Mnucut
528 1456 574 1551 Q
624 1400 943 1533 ruitu18.

94 1632 144 1696 De
162 1635 255 1719 puetis
276 1631 335 1698 stne
357 1630 470 1715 epistola
494 1632 578 1694 missis
596 1632 623 1694 se
640 1633 771 1706 excusat,
787 1635 819 1695 δι
834 1633 869 1694 de
885 1631 966 1695 exsilii
983 1628 1066 1692 mise·

132 1728 174 1787 ria
193 1727 228 1788 &
241 1725 395 1788 calamitate
409 1728 529 1808 graviter
544 1727 725 1808 conqueritur.
745 1727 832 1789 Anno
850 1726 890 1795 U.
902 1725 939 1789 C.
956 1725 1025 1807 695.

95 1969 130 2042 ς.
147 1845 272 2023 Mt
281 1943 393 2036 frater,
406 1945 454 2019 mi
461 1945 572 2033 frater,
582 1946 629 2018 mi
637 1940 749 2036 frater,
760 1952 842 2018 tune
848 1944 1068 2033 idveritusee

95 2056 214 2152 neego
222 2052 392 2127 iracundia
403 2053 512 2152 aliqua
522 2055 681 2127 addusius
699 2078 822 2150 pueros
835 2054 877 2125 ad
890 2070 925 2125 te
945 2052 1013 2125 stne
1033 2053 1068 2124 sia

84 2153 176 2239 'teris
201 2166 385 2240 miserim?
398 2183 455 2241 aut
481 2166 645 2241 etiamne
667 2184 700 2241 te
726 2167 843 2241 videre
872 2165 1068 2239 noluerim?

97 2278 173 2374 Ego
191 2274 254 2348 tibi
267 2275 456 2357 irascerer?
476 2271 543 2350 tibi
556 2301 623 2375 ego
637 2276 770 2376 possem
789 2277 915 2350 irasci?
931 2274 1070 2375 scilieet.

98 2408 137 2459 tu
157 2386 251 2461 enim
273 2412 329 2465 me
349 2385 517 2459 afflixisti:
541 2387 590 2459 tui
610 2413 665 2460 me
685 2387 842 2471 inimici,
862 2405 919 2460 tua
939 2410 994 2457 me
1014 2385 1069 2457 in-

101 2486 216 2587 vidia,
249 2524 289 2573 ac
313 2509 385 2571 nota
408 2522 475 2597 ego
496 2520 531 2571 te
560 2497 680 2571 misere
706 2493 848 2594 perdidi.
891 2500 989 2568 Meus
1015 2494 1074 2568 isle

99 2604 251 2679 laudatus
269 2606 476 2696 consulatus,
497 2606 582 2679 mihi
595 2625 651 2695 te,
664 2605 790 2679 liberos
801 2604 987 2703 ‚patriam,
1001 2602 1074 2676 so'rss

102 2730 224 2805 tunas3
242 2712 304 2786 tibi
321 2713 425 2791 velim
445 2738 489 2786 ne
512 2715 594 2812 quid
617 2714 802 2810 eripuerit,
820 2732 950 2811 praeter
967 2736 1074 2786 unum

104 2846 167 2897 me.
183 2818 264 2894 ’sed
285 2839 376 2895 certe
393 2846 415 2894 a
432 2838 464 2895 te
489 2822 572 2896 mihi
596 2823 711 2896 omnia
730 2821 859 2919 semper
882 2819 1018 2901 honesta
1038 2836 1074 2892 et

103 2931 250 3011 ‘utcunda
262 2933 459 3007 ceciderunt
471 2918 528 3016 3¹2
544 2958 598 3007 me
620 2933 683 3011 tibi
704 2932 808 3006 ludus
830 2957 924 3006 meae
940 2930 1075 3006 calami·

103 3044 203 3134 tatia,
227 3060 337 3117 metus
360 3060 461 3131 tuae,
488 3042 707 3129 desiderium,
733 3034 896 3135 moeror,
919 3041 1076 3119 solitudo.

104 3138 231 3254 Egolte
254 3155 372 3229 videre
394 3153 590 3248 noluerim?
613 3154 721 3227 immo
745 3177 829 3229 vero
855 3162 910 3224 me
932 3168 1004 3224 ate
1024 3149 1078 3224 vi·

104 3267 174 3341 deri
199 3264 303 3339 nolui.
336 3289 408 3339 non
434 3263 526 3338 enim
547 3263 680 3339 vidisses
699 3263 837 3336 fratrem
862 3264 984 3335 tuum:
1006 3285 1078 3345 non

105 3398 182 3459 eum
189 3426 203 3464 ,
215 3398 319 3472 quem
332 3372 515 3470 reliqueras.
528 3399 537 3445 r
551 3398 622 3447 non
634 3397 711 3446 eum
725 3427 737 3464 ‚
750 3396 850 3472 quem
864 3394 962 3457 noras
980 3397 989 3441 ε
1005 3395 1077 3443 non

104 3502 209 3576 eum,
233 3508 337 3583 quem
361 3481 446 3584 flens
469 3481 603 3557 flentem
614 3538 628 3573 ‚
647 3483 903 3581 prosequentem
924 3477 1087 3576 proficis-¹

106 3618 187 3667 cens
210 3591 403 3668 dimiseras:
418 3617 463 3666 ne
486 3592 662 3692 vestigium
685 3592 822 3692 quidem
840 3592 935 3681 eim,
958 3618 1022 3671 nec
1036 3591 1079 3664 sr-

106 3704 317 3793 mulacrum;
342 3701 589 3809 sedquandum
612 3703 754 3808 effigiem
776 3701 926 3803 spirantis
942 3704 1080 3783 mortui.
