2348 4238
109 263 179 362 138
252 248 574 338 annnorannrr
601 256 669 333 ao
685 202 910 374 arnum

105 426 237 501 nostrae
246 422 477 501 sollicitudinis¹
488 420 589 494 linem
603 406 1052 520 quamprimumfacerepos·
1089 436 1091 447 ⁴

104 538 213 611 timus.
226 560 428 636 quamquam
441 533 677 633 intelligimus,
700 554 740 606 ea
752 548 787 604 te
802 530 870 604 elle
883 530 1055 629 prudentia,
1093 549 1095 557 '

98 646 290 736 invideas,
313 640 738 730 fieadecretauonsulum,
760 664 845 741 quae
865 642 909 714 de
922 638 1055 713 earnm

105 752 387 853 adlisinrerposrta
401 752 500 842 sunt,
522 773 592 825 non
606 751 808 842 serventur,
830 765 986 849 magnam
999 772 1056 848 per

103 863 332 952 turbationem
344 861 549 935 rerumfore.
561 860 737 959 equidem,
750 878 829 933 cunt
842 857 965 949 multa,
978 855 1056 956 quod

104 967 314 1044 necesl'eerat
327 969 362 1042 in
382 982 470 1042 tanta
488 968 741 1066 occupatione,
770 990 840 1040 non
861 966 1058 1065 probentur,

105 1101 191 1178 quae
206 1078 505 1166 Caesareanum
535 1096 645 1152 tamen
659 1077 722 1151 otii
743 1078 904 1176 pacisque
925 1075 1019 1150 causa
1033 1100 1060 1148 a·
1082 1084 1100 1173 ’ᾗ

73 1240 76 1246 ·
103 1193 244 1268 cerrime
257 1191 312 1265 illa
319 1192 413 1266 soleo
426 1191 628 1265 defendere:
644 1191 737 1288 quod
755 1189 815 1263 tibi
831 1189 922 1263 idem·
928 1208 1061 1288 magno

103 1324 183 1403 pere
196 1302 384 1376 faciendum
399 1299 538 1387 censeo;
548 1322 749 1398 quamquam
755 1300 837 1373 lraec
845 1298 989 1396 epistola
1000 1289 1063 1371 non

60 1436 62 1440 ⁴
103 1409 329 1500 intonsas,
350 1411 408 1484 sed
421 1410 598 1510 rogatoris.
619 1409 742 1509 igitur,
762 1409 810 1482 mi
824 1409 971 1500 Plance,
986 1430 1061 1507 rogo

103 1541 139 1597 te
149 1576 161 1611 ,
173 1540 207 1595 et
218 1521 319 1596 etiam
328 1544 413 1612 oro,
431 1520 475 1594 sic
491 1521 620 1597 medius
632 1520 748 1610 fidius,
759 1538 795 1594 ut
808 1521 940 1595 maiore
952 1516 1060 1610 lbrdio,

102 1632 274 1731 magisque
287 1656 328 1704 ex
343 1630 456 1704 animo
474 1656 572 1730 agere
587 1655 656 1704 non
673 1632 811 1729 possam,
824 1648 863 1704 ut
879 1649 990 1706 torum
1003 1632 1059 1705 boc

101 1741 277 1840 negotium
293 1740 336 1812 ita
351 1765 438 1841 agas,
452 1740 647 1830 itarrailes,
665 1742 709 1813 ita
720 1739 894 1831 conficias,
907 1739 1059 1840 ut,·qnod
1092 1793 1100 1843 2

73 1944 78 1955 ι
100 1851 168 1924 sme
182 1852 247 1925 ulla
255 1851 463 1952 dubitatione
475 1852 565 1950 apud
578 1853 728 1927 consules
738 1853 1058 1952 obtinuimus,prop
1091 1910 1099 1956 ἢ

100 1979 152 2036 rer
168 1963 330 2035 summam
352 1963 535 2061 bonitatem
552 1980 587 2036 et
600 1962 800 2062 aequitatem
821 1961 964 2054 earrsae,
982 1962 1057 2057 idtu

102 2098 166 2148 nos
178 2073 355 2147 obtinuisse
365 2097 436 2146 non
447 2075 554 2146 modo
564 2073 661 2147 facile
672 2073 808 2170 patiare,
816 2071 871 2145 sed
883 2073 1058 2170 etiamgau
1092 2080 1096 2090 '

102 2183 189 2254 deas.
204 2206 273 2281 qua
291 2181 426 2279 quidem
440 2182 612 2256 voluntate
626 2181 697 2254 elle·
705 2204 782 2280 erga
795 2181 946 2255 Atticum
954 2235 966 2269 ,
978 2181 1058 2277 saepe
1090 2236 1100 2289 q

102 2292 254 2389 praesens
267 2308 299 2364 et
317 2291 365 2363 illi
384 2290 576 2379 ostendisti,
594 2312 628 2363 et
641 2317 726 2367 vero
743 2292 843 2364 etiam
858 2291 955 2365 milri.
978 2289 1057 2388 quod
1090 2383 1094 2395 ,

101 2398 278 2488 srseceris,
295 2425 372 2490 me,
393 2426 495 2498 quern
508 2400 683 2474 voluntate
697 2416 731 2473 et
743 2416 878 2498 patema
891 2398 1057 2472 neceffitn·

101 2509 179 2580 dine
192 2507 402 2580 coniundlum
418 2506 547 2605 semper
564 2507 723 2593 habuisti,
745 2506 894 2580 martimo
904 2505 1057 2582 beneficio
1092 2552 1094 2557 >

103 2619 295 2691 devinclum
308 2619 464 2692 habebis:
482 2622 583 2719 idque
601 2638 637 2695 ut
656 2620 781 2713 saclas,
799 2639 832 2694 te
854 2617 1057 2713 vehementer
1089 2628 1099 2709 ζ

101 2730 202 2804 ctiam
219 2745 318 2828 atque
330 2728 429 2801 etiam
445 2754 542 2828 rogo.

196 2865 751 2945 ercanoclarrour
784 2831 898 2944 suo
945 2872 977 2946 s.
1089 2896 1093 2946 t

105 2960 402 3154 NUNQUAM
417 3060 534 3158 pulavi
544 3060 644 3151 fore,
660 3080 698 3136 ut
715 3064 852 3162 supplex
866 3064 911 3137 ad
923 3082 961 3140 τε
971 3062 1055 3141 vetti·
1088 3034 1100 3167 Ξ

99 3197 187 3246 rem:
202 3173 257 3244 sed
266 3174 400 3246 hercule
410 3173 507 3265 sacile
518 3173 649 3270 patior,
663 3176 777 3248 datum
793 3194 944 3274 tempus,
957 3178 1055 3281 inquo
1088 3226 1100 3279 t

100 3295 251 3355 amorem
265 3282 434 3380 experirer
445 3301 551 3355 tuum.
564 3282 713 3356 Atticum
726 3282 840 3382 quanti
854 3280 1055 3375 faciamuseie.
1087 3316 1100 3385 ¹,

100 3395 221 3466 amabo
235 3416 269 3466 re
287 3448 298 3484 ‚
324 3395 366 3466 da
381 3394 464 3466 milri
482 3413 515 3466 et
528 3395 621 3469 hoer
644 3394 842 3470 obliviscere
860 3406 938 3470 mea
951 3394 1056 3484 cansa,
1087 3422 1100 3494 q

101 3506 193 3578 illum
211 3505 392 3603 aliquando
407 3505 467 3578 suo
481 3504 661 3598 familiari,
686 3506 878 3581 adversario
900 3518 984 3601 tuo,
1003 3512 1055 3583 vd-
1087 3550 1100 3606 5

77 3610 82 3620 ’
103 3614 197 3687 luisse
208 3615 503 3705 consultum‚cum
513 3617 601 3690 illius
614 3617 813 3694 existimatio
825 3621 1055 3720 ageretot.boc
1087 3664 1100 3738 3

77 3759 79 3763 ⁷
103 3724 249 3822 primum
263 3725 462 3827 ignoscere,
486 3725 535 3813 est
549 3727 761 3805 humanitatis
780 3738 875 3817 turae3
890 3728 1055 3807 suoren'ul
1087 3750 1100 3823 k
