2348 4238
300 60 585 210 'einen
633 114 729 188 xv.
952 68 1023 208 ιιι
1141 162 1148 175 .

71 304 141 355 nnn
158 276 313 355 Cascelio
332 267 484 377 loquare}
517 303 620 376 parva
640 254 694 352 ies
716 275 789 352 ert:
810 273 864 350 sed
879 290 916 348 tu
937 273 1023 353 bene

67 386 245 476 attendissi3
260 389 361 462 nimis
383 387 497 463 callide
511 387 676 484 agebatur,
698 411 762 484 ego
780 386 1025 479 autem‚s1mi-

24 562 29 571 .
67 501 99 572 hi
120 500 325 599 imposuisset
348 500 493 600 aliquid,
525 500 617 597 quod
638 523 741 595 paene
760 496 861 584 secir,
889 499 947 571 nisi
968 515 1025 570 tua

65 612 190 687 malitia
208 611 375 702 affuisset,
390 611 504 684 animo
522 610 648 709 iniquo
656 608 808 684 tulissem
834 610 963 710 itaque,
987 622 1026 683 ut

64 746 99 796 ut
111 741 195 814 erit
205 748 279 798 rem
291 722 447 820 impediri
460 723 561 795 maso
573 723 735 793 ouavam
735 738 874 843 'partem
889 718 1026 792 roisilu·
1081 730 1089 759 ’

65 833 244 906 minarium
267 831 398 905 aedium
420 834 461 906 ad
480 831 615 903 streniae
643 829 842 902 memineris.
868 855 922 902 cui
911 829 1026 901 Cae·

63 939 174 1024 tedia,
194 940 317 1014 videris
331 939 498 1063 mancipio
514 939 592 1011 dare
605 938 647 1008 ad
667 961 739 1010 eam
753 936 913 1011 summam
916 936 1026 1034 ,quae

65 1050 124 1123 sub
134 1061 302 1147 praecone
316 1050 379 1155 fuit
395 1050 554 1135 maxima,
559 1048 603 1118 id
619 1045 743 1144 opinor
756 1045 821 1118 esse
836 1066 1031 1122 ccctxxrn

64 1159 206 1234 Novtsr
226 1161 306 1259 quid
327 1150 408 1251 erit,
431 1180 529 1260 atque
551 1157 655 1230 etiam
674 1155 801 1253 siquid
826 1155 1026 1252 prospicies,

63 1267 159 1364 quod
180 1265 331 1340 futurum
340 1287 467 1373 putes,
491 1266 611 1339 scribas
626 1264 673 1336 ad
692 1288 746 1336 me
759 1288 861 1362 quam
879 1261 1027 1358 saepissi-

16 1382 19 1387 '
64 1401 134 1450 me·
139 1376 257 1453 velim.
279 1362 447 1468 Varroni,
474 1375 757 1476 quemadmodum
776 1373 837 1448 tibi
851 1370 1029 1480 mandavi,

62 1486 256 1560 memineris
282 1486 435 1562 excusare
457 1487 644 1561 tarditatem
672 1488 845 1561 literarum
865 1470 1028 1557 mearum.

62 1598 216 1672 Mundus
236 1598 342 1673 istum.
368 1604 416 1674 Μ
431 1598 553 1671 Ennius
570 1596 651 1696 quid
671 1590 774 1697 eg‘erit
793 1598 835 1671 de
852 1594 1029 1671 testamen·
1155 1600 1157 1611 '

62 1729 100 1783 ιο
119 1693 297 1823 (curiosus
317 1702 434 1810 enim)
455 1710 553 1786 facias
569 1735 625 1784 me
642 1710 744 1788 velim
768 1708 960 1787 certiorem
977 1710 1038 1782 Ex'

64 1820 241 1924 Arpinati,
260 1843 302 1894 vl
315 1825 408 1898 Non.
547 1888 550 1893 .

240 2029 484 2147 erce-no,
515 2031 760 2131 arrico
801 2031 840 2108 ιι

65 2287 123 2361 27.
144 2160 448 2343 GAUDEO
461 2261 496 2334 id
515 2278 548 2343 te
570 2260 651 2332 mihi
674 2259 829 2352 suadere,
847 2259 940 2358 quod
961 2284 1028 2360 ego

63 2396 140 2447 mea
154 2370 274 2469 sponte
292 2372 398 2467 pridie
413 2371 567 2445 feceram.
591 2394 667 2441 nam
687 2369 820 2443 eumad
835 2386 866 2440 te
881 2390 923 2441 vr
940 2372 1030 2443 Non.
1111 2411 1117 2421 ·

64 2480 201 2569 darem,
225 2479 334 2553 eidem
364 2481 536 2554 tabellario
564 2479 641 2554 dedi
668 2479 766 2553 etiam
789 2480 832 2552 ad
854 2480 1030 2575 Sextium,

63 2588 202 2689 scriptas
220 2627 297 2668 oraru
318 2623 530 2688 qinocrqym.
555 2587 610 2663 Ille
625 2606 752 2682 autem,
767 2591 861 2689 quod
876 2590 1032 2666 Puteolos‘

65 2697 297 2796 prosequitur,
315 2698 480 2786 humanu
503 2700 595 2798 quod
613 2698 784 2798 queritur,
803 2700 932 2776 iniuste.
959 2726 1032 2775 non

65 2802 158 2880 enim
172 2829 239 2904 ego
261 2825 329 2878 tam
347 2807 440 2881 illum
460 2810 667 2906 exspectare,
683 2836 760 2884 cum
773 2813 814 2884 de
829 2813 963 2885 Cosano
975 2837 1032 2884 re·

69 2919 179 3007 diret,
199 2917 319 3008 debui,
334 2944 435 3014 quam
458 2919 511 2992 ille
530 2940 666 3025 autnon
689 2923 737 2994 ite
756 2939 850 3010 ante,
865 2949 964 3021 quam
978 2926 1034 2997 nie

66 3027 224 3116 vidisset,
240 3046 295 3100 aut
309 3028 405 3103 citius
418 3025 550 3104 reverti.
573 3031 694 3105 sciebat
708 3033 797 3105 enim
813 3057 866 3104 me
879 3032 1032 3111 celeriter

67 3138 154 3212 velle
166 3135 357 3233 proficisci
371 3138 511 3237 seseque
515 3141 558 3213 ad
571 3165 624 3213 me
639 3167 674 3213 ιιι
685 3140 909 3214 Tusculanum
924 3141 1030 3240 scrip·
1074 3144 1078 3153 '
1104 3194 1108 3202 ·

69 3247 153 3323 serat
166 3246 231 3321 effe
244 3265 433 3323 venturum.
458 3250 528 3340 Te,
540 3268 581 3324 ut
595 3277 613 3322 a
633 3275 687 3322 me
708 3250 887 3325 discesseris
895 3252 1032 3354 ‚latry

73 3350 200 3448 masse,
214 3357 350 3430 moleste
369 3357 525 3430 ferebam
542 3359 672 3455 quodsi
687 3384 740 3431 me
755 3359 922 3455 praesente
937 3360 1041 3458 fecis--

72 3579 150 3694 illud
160 3581 354 3678 praeclare,
367 3582 462 3682 quod
473 3599 504 3656 te
515 3583 683 3661 consolata
693 3582 820 3685 esispes
838 3582 1031 3666 breviten-
1135 3560 1138 3567 ¹
