2362 4238
304 173 699 309 ἨΒΕΚΙΗ.
938 261 1006 339 ²23

75 389 194 491 niden
213 417 269 470 me
285 392 329 466 ab
347 394 458 467 omni
465 393 667 493 reipublicae
687 419 765 470 cura
775 397 958 508 dedoque
968 403 1011 474 lu

75 507 138 579 ris:
154 505 211 579 sed
237 522 347 578 tamen
365 506 521 578 indicabo
550 506 738 605 tibi‚quod
762 509 984 583 mehercule
974 537 1012 585 ur

75 616 199 690 imiste
211 617 353 691 celarum
363 617 533 692 volebam.
542 624 678 715 Angor,
692 644 739 690 mr
729 597 931 701 suavissime
937 622 1012 700 fra·

75 750 88 795 r
96 747 251 821 mangot
265 725 386 798 nullom
405 724 470 797 effe
477 725 745 823 rempublicam,
760 728 846 800 nulla
864 729 1012 823 iudicia,
1066 767 1073 780 ·

75 834 257 941 dirumque
278 835 345 910 hoc
367 856 499 934 tempus
513 836 646 929 aeratis,
665 839 778 934 quod
770 863 805 910 rn
822 839 877 913 illa
895 843 1022 915 audo--

75 963 134 1018 ute
156 942 318 1025 senatoria
339 945 462 1020 florere
483 920 643 1036 debebat,
664 964 721 1019 aut
742 946 866 1022 forenfi
891 951 1009 1027 labore

75 1053 173 1144 uari,
187 1073 243 1128 aut
257 1054 446 1141 domesticis
471 1058 574 1135 literis
587 1055 775 1132 sustentari:
796 1059 879 1135 illud
895 1086 980 1138 vero
993 1112 1009 1156 ‚

75 1162 177 1241 roda
182 1189 288 1261 puero
301 1166 489 1238 adamatam
503 1219 515 1257 ,

84 1340 87 1345 .
119 1290 185 1345 Aur
197 1305 378 1363 erroreum,
393 1307 443 1347 και
463 1279 750 1368 ὑπειςοχωεμμενυ
768 1304 867 1352 annor
876 1315 905 1362 ,·

76 1408 151 1466 tum
171 1390 352 1465 occidille:
374 1393 530 1468 inimicos
543 1421 562 1468 a
576 1421 631 1469 me
650 1397 770 1493 partim
785 1423 857 1470 non
874 1419 1011 1497 oppug-

75 1524 159 1590 uos,
185 1501 305 1597 partim
324 1503 502 1592 eriamelle
519 1504 693 1578 defensos:
709 1518 822 1579 meum
839 1528 910 1577 non
931 1529 1008 1578 mo·

75 1609 279 1695 namnum,
302 1611 359 1700 sed
383 1639 425 1686 ne
446 1613 566 1686 odium
587 1613 723 1712 quidem
746 1614 813 1689 elle
841 1610 1009 1690 liberum:

75 1747 210 1837 uimque
224 1747 268 1797 ex
281 1721 440 1798 omnibus
461 1724 635 1805 Caesarem
653 1724 721 1800 effe
734 1725 1008 1827 inventum5qui

75 1852 235 1908 etantum
246 1887 258 1922 ,
270 1855 430 1934 quantum
447 1837 645 1935 egohvellem
659 1891 669 1922 ‚
683 1856 827 1923 amaret,
840 1832 1009 1912 autetiam

75 1945 159 2019 sicut
167 1945 223 2018 alii
233 1949 368 2047 putam)
381 1946 470 2033 hunc
483 1974 589 2021 unum
604 1947 689 2039 effe,
703 1946 764 2046 'qui
776 1946 886 2020 vellet.
908 1950 1010 2042 Quo·

75 2082 115 2129 im
138 2073 251 2130 tamen
266 2057 352 2130 nihil
365 2054 413 2130 est
430 2056 617 2144 eiusmodi,
634 2076 672 2130 ut
689 2056 754 2155 eg'o
771 2082 826 2130 me
840 2081 910 2130 non
921 2060 1009 2133 mul·
1131 2103 1137 2110 ·

91 2160 330 2251 ‘consolatione
349 2169 501 2268 quotidie
519 2164 660 2245 leniam:
684 2167 742 2243 sed
760 2168 819 2241 illa
838 2169 902 2242 erit
921 2194 1010 2245 con·

75 2279 158 2354 lario
182 2280 327 2355 maxima
339 2335 350 2371 ,
363 2278 387 2370 s¹.
401 2302 466 2352 una
478 2281 610 2354 erimus.
635 2305 724 2353 nunc
744 2276 785 2352 ad
798 2278 852 2353 illa
866 2280 922 2355 vel
936 2306 1011 2380 gra·

78 2390 211 2463 ffrmum
231 2391 360 2465 accedit
389 2391 437 2463 tui
464 2391 670 2464 desiderium.
702 2389 884 2464 Gabinium
906 2390 953 2480 fi,
971 2413 1011 2465 ut
1093 2380 1103 2389 ’

75 2500 141 2574 msa
167 2517 261 2598 purat
282 2497 493 2598 oporruiffe,
516 2498 1009 2587 defendiffemoncidiffem:

75 2611 97 2686 ri
123 2611 217 2683 illum
247 2612 390 2684 oderunt
413 2608 465 2710 (ii
492 2609 566 2684 sunt
588 2610 653 2684 toti
677 2605 843 2709 ordines)
868 2630 1009 2706 propter

75 2725 142 2798 rein
166 2722 337 2812 oderunt,
361 2709 524 2818 meipsum
545 2719 651 2794 odille
669 2718 862 2822 coepissent.
897 2720 1010 2795 Tenui

76 2863 119 2927 e,
134 2849 173 2909 ut
187 2827 291 2930 puto,¹
306 2831 459 2930 egregie,
473 2834 603 2904 rantum
619 2848 657 2903 ut
670 2828 835 2918 facerem,
851 2848 1011 2929 quanmm

75 2969 161 3017 nnes
175 2935 338 3015 viderent.
364 2944 407 3015 Et
419 2942 455 3017 in
466 2943 561 3015 omni
575 2940 720 3030 sumnia,
733 2957 770 3012 ur
781 2962 922 3034 mones,
935 2940 1010 3013 val·
1024 3002 1026 3009 .

75 3082 81 3127 ε
94 3079 150 3126 me
164 3053 207 3124 ad
221 3053 326 3127 otium
343 3074 528 3149 pacemque
543 3068 719 3130 converto.
734 3048 790 3121 De
805 3047 922 3139 libris,
936 3052 1010 3151 Ty-

75 3163 161 3235 nnio
180 3160 228 3234 est
250 3161 408 3234 cessator:
423 3157 617 3257 Chry'srppo
631 3159 766 3230 dicam:
787 3153 843 3229 sed
856 3160 909 3231 'res
927 3181 1012 3257 ope·

75 3274 112 3346 »sa
129 3271 204 3366 est,
220 3290 253 3344 et
274 3269 420 3342 hominis
439 3267 676 3366 perdiligentis.
702 3262 818 3342 Sentio
839 3268 933 3366 ipse,
951 3269 1012 3366 qui
1063 3346 1065 3351 ,

90 3381 225 3469 summo
250 3379 359 3485 studio
381 3379 463 3452 nihil
478 3377 651 3476 adsequor
683 3378 740 3453 De
755 3377 886 3451 Latinis
904 3401 1011 3474 vero,
1123 3386 1130 3393 ‘

75 3514 108 3562 ιο
122 3516 179 3562 me
198 3513 349 3577 vertam,
345 3479 502 3574 nescio;
521 3490 565 3561 ita
587 3482 746 3562 mendose
759 3505 793 3560 et
807 3474 1012 3578 scribuntur,

80 3611 256 3673 veneunt:
271 3597 330 3670 sed
348 3619 460 3669 tamen
479 3596 573 3693 quod
595 3594 668 3670 fieri
691 3596 836 3692 poterit,
854 3620 924 3692 non
947 3621 1012 3669 ne·

75 3730 174 3808 gom>
197 3706 355 3779 Crebrius
366 3758 379 3799 ,
392 3727 428 3777 ut
443 3721 518 3778 ante
535 3705 576 3779 ad
597 3723 630 3780 re
646 3704 779 3806 scripli,
794 3684 1011 3805 Romae‘ellr
1077 3800 1080 3807 .
