2348 4238
161 294 230 370 nr
316 232 642 349 emsr'oimuu
667 272 735 349 tn
760 255 979 353 Amicum
1038 350 1040 355 .
1115 264 1116 268 ‘

15 446 40 497 t
158 430 295 525 eme,
318 436 530 514 certunm
552 407 619 511 en}
650 437 755 511 vireo
781 437 981 529 discrimen,
1004 436 1119 517 cisen

21 587 22 591 ¹
157 545 263 625 nostri
284 546 518 632 tribunatum
538 546 580 618 de
601 572 672 647 quo
691 547 828 646 quidem
853 548 927 648 ipso
949 550 1026 623 dixi
1047 555 1121 651 Op·

159 658 246 759 pio,
264 682 342 735 eum
364 681 418 732 me
432 658 645 748 honmemr,
667 676 705 730 ut
722 657 989 746 adolescentem,
1003 678 1122 736 totam·
1150 748 1158 769 ·

46 860 50 868 ,
158 796 226 870 que
247 770 405 859 causam,
428 791 632 870 manumque
660 787 899 845 veteranorum
920 773 1125 875 eqmptette

159 874 236 970 rer,
259 906 313 954 me
336 882 430 955 nullo
453 881 561 957 modo
581 880 689 954 faeere
709 876 826 978 poffe,
847 880 883 954 ni
900 881 987 953 mihi
1005 884 1124 980 explo-

98 1066 102 1073 ,
161 1010 273 1067 tatum
287 989 383 1081 esset,
404 1018 480 1067 eum
506 1016 576 1063 non
599 978 705 1064 modo
727 1008 798 1065 'non
820 980 1002 1065 inimicum
1010 1009 1127 1091 tyran·

159 1099 340 1188 notionis,
362 1099 597 1180 verumetiam
618 1098 762 1172 amicum
783 1095 871 1172 sore.
902 1116 982 1172 cum
1004 1100 1126 1175 illedi·

158 1233 264 1297 «etet,
277 1210 322 1282 ita
337 1209 510 1283 fututum:
527 1204 622 1302 Quid
635 1209 735 1306 igitur
748 1205 963 1284 sellinamusi
980 1209 1127 1310 inquam.

159 1321 209 1400 illi
222 1323 312 1399 enim
327 1340 402 1395 mea
415 1344 521 1419 opera
541 1336 617 1393 ante
633 1319 775 1393 Kalend.
796 1323 923 1393 Ianuar.
941 1321 1026 1394 nihil
1044 1348 1128 1421 opus

16 1500 18 1505 .
123 1509 125 1513 ,
161 1431 219 1506 esi.
240 1454 304 1504 nou
321 1450 435 1506 autem
449 1429 522 1502 eius
542 1429 750 1519 voluntatem
770 1445 845 1502 ante
860 1429 939 1500 Idus
962 1429 1133 1512 Decetnb.¹

160 1538 399 1637 perspiciemus
410 1540 443 1609 in
457 1538 572 1616 Casca.
582 1537 666 1609 mihi
678 1537 774 1610 valde
783 1530 988 1625 assensusesi.
1001 1543 1128 1635 Quam

161 1646 279 1719 obrem
290 1648 371 1718 haec
380 1647 514 1745 quidem
524 1647 690 1720 hedenus.
698 1647 802 1740 Quod
811 1644 1127 1749 reliquumesl‚quo·

162 1756 244 1835 'tidie
264 1755 451 1834 tabellarios
466 1755 625 1847 habebis,
643 1772 698 1845 et,
710 1777 748 1830 ut
769 1756 1016 1856 eguarbitror,
1030 1759 1126 1833 etiam

161 1864 261 1962 quod
283 1863 423 1952 scribat,
449 1865 586 1939 habebis
612 1865 773 1964 quotidie,
810 1869 934 1963 Leptae
961 1867 1125 1945 literarum

162 1974 422 2071 exemplunm
436 1974 528 2060 mifi3
543 1998 586 2064 ex
598 1988 671 2072 quo
686 1974 769 2047 mihi
782 1975 916 2049 videtur
928 1988 1123 2072 arramire&

164 2080 377 2162 illedeiettus
385 2084 429 2159 de
440 2084 553 2182 gradu.
563 2082 618 2155 sed
626 2104 675 2171 tu,
683 2110 760 2157 cnm
772 2074 906 2183 legerit,
919 2083 1125 2158 existimabit.

214 2194 394 2290 Obsrgnata
406 2193 471 2266 iant
478 2192 649 2289 epistola,
666 2193 773 2266 literas
791 2211 855 2266 ate
874 2213 945 2266 eta
962 2193 1066 2266 Sexto
1078 2218 1124 2266 ac*
1168 2286 1170 2295 Ι

165 2303 252 2401 cepi.
266 2303 349 2375 nihil
368 2304 546 2378 iucundius
567 2301 670 2375 literis
694 2302 804 2391 Sexti,
831 2303 914 2375 nihil
935 2301 1125 2405 amabilius:

167 2439 243 2491 nam
259 2401 352 2503 tuae,
365 2416 483 2489 breves
496 2439 511 2513 ;ι
521 2412 649 2510 priores
663 2432 756 2486 erant
770 2413 967 2485 uberrimae.
985 2416 1047 2484 Tu
1059 2410 1125 2510 qui·-

162 2527 246 2606 ¹dem
267 2542 300 2598 et
319 2526 499 2621 prudenter
518 2541 553 2598 et
579 2522 685 2595 amice
703 2522 842 2610 suades,
863 2523 960 2595 utin
982 2522 1036 2596 his
1050 2520 1124 2593 lotit

120 2625 122 2629 ’
164 2633 373 2733 potiffimum
389 2630 447 2709 sim
461 2633 598 2731 ,quoad
619 2620 810 2720 audieruut,
823 2631 904 2705 haee
917 2684 929 2720 ,
942 2656 1031 2729 quae
1046 2654 1125 2707 eom·

164 2764 261 2825 mota
282 2745 378 2833 sunt,
405 2744 562 2840 quorsum
587 2735 739 2815 evadant.
765 2739 822 2814 sed
840 2763 916 2828 me,
930 2739 978 2812 mi
1004 2739 1125 2827 Attice,

169 2874 241 2932 nort
262 2853 336 2929 sane
351 2851 423 2924 hoc
445 2850 581 2949 quidem
607 2866 761 2944 tempore
786 2862 905 2923 movet
925 2848 1124 2945 respublicet

169 2989 240 3041 non
254 2986 326 3059 quo
343 2976 398 3033 aut
419 2960 458 3032 su
471 2959 554 3031 mihi
571 2957 754 3055 quidquam
769 2958 893 3046 carius,
915 2979 972 3030 aut
994 2957 1063 3031 esse
1076 2956 1125 3033 de·
1169 2962 1170 2985 ¹

159 3073 269 3157 beat,
294 3071 347 3147 sed
369 3069 547 3170 desperetis
568 3067 668 3139 etiam
689 3067 911 3164 Hippocrates
929 3082 1022 3140 vetar
1042 3062 1125 3140 adli·
1168 3028 1170 3093 l

170 3185 249 3266 here
263 3180 475 3271 medicinam.
494 3175 669 3280 quentilla
685 3177 837 3250 valeant:
855 3201 910 3248 me
923 3201 976 3249 res
997 3173 1125 3248 familia
1167 3158 1170 3207 ¹

170 3294 216 3373 tit
234 3307 351 3367 movet
366 3306 458 3365 :retu
477 3287 581 3361 dieo?
602 3286 710 3358 immo
724 3307 808 3358 vero
822 3281 1038 3358 existimatio.
1056 3300 1124 3356 cun

24 3493 26 3496 ,
172 3406 262 3478 enim
274 3416 363 3476 tanta
380 3391 599 3497 reliquerim
614 3422 656 3475 ne
668 3393 843 3469 Terentiae
857 3393 1124 3492 quidemadhuc,

35 3537 38 3543 ·
57 3591 60 3595 ,
172 3511 267 3611 quod
283 3512 428 3597 solvam,
444 3505 637 3604 expeditum
652 3501 710 3578 esl.
724 3502 926 3577 Terentiam
942 3503 1054 3579 dico?
1073 3501 1090 3575 s
1103 3497 1110 3512 '
1166 3588 1170 3608 Ι

171 3649 235 3701 nos
256 3623 385 3720 pridem
406 3621 472 3697 iarn
495 3615 698 3698 constituisse
720 3615 874 3687 Montani
894 3615 1036 3688 nomine
1055 3614 1122 3687 H=s
1165 3662 1170 3701 ,

171 3755 257 3814 xxv
271 3731 462 3855 dissoltete.
481 3725 710 3833 pudentissimo
734 3722 948 3823 hoecieero
965 3720 1121 3829 petierat,
1165 3776 1170 3805 .
