2348 4238
331 238 733 327 uruuuxrrr
968 266 1014 343 25

55 399 94 472 ad
107 399 209 472 decus
222 424 293 473 non
310 400 400 474 deest
417 400 539 474 oratio.
553 421 618 500 egp
636 400 720 499 quid
734 399 892 498 possum?
906 420 1017 482 tamen

57 509 165 582 nescio
181 509 266 607 quid
285 533 304 580 e
324 535 452 608 quercu
467 510 720 607 exsculpseram,
733 513 827 609 qnod
847 514 1019 604 videretur
1126 543 1129 549 ·

57 619 155 705 limile
171 621 345 696 fimulacri.
362 623 455 696 ineo
468 622 546 719 quia
559 625 719 697 nonnulla
728 651 820 701 erant
832 629 932 726 paulo
945 654 1019 703 me-

57 726 161 818 liora,
177 753 280 827 quam
293 755 353 820 ea,
375 755 462 830 quae
479 730 565 804 fiunt
581 751 615 805 et
631 731 715 807 fana
736 733 829 828 sunt,
840 739 1021 836 repreben-
1119 786 1142 816 ·.

57 835 202 910 duntur:
219 834 312 937 qurid
324 866 379 913 me
391 841 529 913 minime
544 843 701 939 poenitet.
713 845 737 916 fi
751 849 839 919 enirn
851 844 1020 945 pervenis·

57 946 123 1021 sent
135 949 216 1024 illae
232 951 345 1027 literae
352 950 460 1043 ,mihi
479 955 595 1044 crede,
608 971 670 1028 nos
683 959 880 1054 poeniteret.
907 959 1018 1059 quid?
1073 1000 1080 1013 ·

56 1075 90 1130 tu
114 1085 185 1135 non
210 1062 305 1136 vides
329 1061 436 1159 ipsum
468 1059 560 1134 illum
589 1061 770 1138 Aristotelis
797 1067 1020 1165 discipulum,

55 1167 185 1243 summo
202 1170 361 1270 ingenio,
377 1171 504 1245 summa
518 1171 697 1258 modestia,
710 1172 924 1273 posteaquam
944 1177 1017 1255 Rex
1133 1159 1138 1185 ’

56 1281 234 1379 appellatus
254 1282 311 1371 su,
327 1282 524 1379 superbum,
546 1283 740 1370 crudelem,
761 1283 1019 1359 immoderatum

56 1389 171 1466 fuillei
186 1388 268 1493 quid
284 1403 296 1466 ?
319 1415 359 1469 tu
373 1396 460 1467 hunc
475 1396 516 1468 de
529 1419 674 1491 pompa,
688 1392 824 1488 Quirini
836 1394 1019 1466 contuber-

55 1504 182 1594 nalem,
196 1506 247 1581 bis
261 1505 379 1580 nostris
392 1507 573 1580 moderaris
587 1503 733 1601 epistolis
747 1503 941 1574 laetaturum
955 1528 1019 1600 pu·

55 1637 99 1689 tas
119 1616 134 1688 l
159 1615 216 1689 ille
238 1641 323 1692 vero
350 1599 555 1713 potiusnon
577 1613 695 1711 scripta
723 1612 1019 1709 desideret,quam

56 1727 170 1824 scripta
191 1750 264 1799 non
290 1727 422 1822 probet.
442 1723 681 1824 Pqstremo,ut
692 1723 795 1797 volet.
813 1722 894 1805 abiit
913 1722 1022 1813 illud,

54 1836 143 1933 quod
154 1852 227 1908 tum
241 1859 294 1909 me
308 1832 513 1919 stimulabat,
528 1835 624 1933 quod
638 1833 701 1906 tibi
720 1831 838 1906 dabam
861 1846 1018 1926 urrunnun

56 1959 260 2040 Ampelusia.
268 1944 375 2017 multo
388 1946 577 2019 mehercule
587 1945 690 2042 magis
706 1969 794 2018 nunc
809 1965 894 2038 opto
907 1940 1019 2014 casum
1049 2036 1052 2041 Ι
1120 2016 1123 2022 ,

10 2076 12 2101 ¹
54 2048 166 2140 illum,
181 2075 281 2148 quem
300 2071 373 2130 turn
395 2053 577 2138 timebam,
590 2055 645 2125 vel
665 2077 767 2151 quem
792 2049 920 2124 libebit.
946 2048 1019 2122 Nili

10 2182 12 2189 ·
54 2159 132 2254 quid
147 2175 180 2231 te
191 2158 281 2232 aliud
293 2159 468 2257 impediet,
482 2158 564 2232 mihi
583 2178 701 2256 optato
715 2158 856 2232 veneris.
870 2157 983 2232 Nicias
997 2183 1018 2230 a

53 2267 228 2348 Dolabella
244 2294 369 2369 magno
392 2295 496 2367 opere
516 2267 734 2368 arrestum(
756 2271 820 2367 legi
836 2271 926 2342 enim
946 2258 1017 2340 lire·

56 2384 120 2466 las,
132 2383 150 2473 )
164 2380 223 2454 etsi
244 2381 360 2456 invito
376 2384 568 2471 me,tamen
581 2381 704 2458 eodem
725 2407 780 2455 me
792 2383 929 2457 nullone
939 2402 1019 2478 pro·

55 2489 153 2568 festus
165 2489 223 2569 est.
236 2491 314 2567 lloc
326 2517 427 2566 manu
440 2515 526 2564 mea.

243 2654 487 2788 crceuo
536 2650 776 2787 nrrrco
814 2713 847 2783 s.

59 2953 110 3028 29.
129 2830 295 3033 CUM
313 2930 403 3033 quali
419 2931 498 3005 alias
509 2955 560 3004 res
573 2955 763 3032 quaererem
778 2930 820 3004 de
836 2928 1017 3029 philologis

57 3065 74 3113 e
88 3041 211 3131 Nicia,
228 3042 403 3116 incidimus
423 3042 459 3116 in
474 3032 625 3116 Talnam.
640 3040 694 3115 ille
716 3043 758 3114 de
779 3041 915 3138 ingenio
934 3039 1017 3113 nibil

58 3146 174 3228 nimis3
190 3146 379 3221 modestum
390 3166 424 3232 et
437 3146 537 3245 frugi.
552 3147 607 3219 sed
625 3147 692 3218 boc
704 3145 785 3218 mihi
799 3170 869 3216 non
883 3144 1019 3241 placuit.

58 3259 85 3331 le
102 3259 186 3333 scire
200 3257 329 3351 aiebat,
347 3257 390 3331 ab
404 3283 448 3332 eo
458 3283 568 3356 ⁴nuper
579 3258 713 3357 petitam
727 3254 1017 3350 Cornificiam‚Q.

13 3384 16 3389 '
59 3368 332 3461 filiamamlam
352 3371 447 3463 sane,
468 3389 502 3445 et
522 3373 698 3444 multarum
719 3367 931 3466 nuptiarum:
945 3392 1016 3443 non

10 3804 16 4099 l
111 4142 115 4148 ,

59 3478 119 3555 elle
132 3481 312 3578 probatum
333 3480 550 3572 mulieribus,
563 3481 656 3578 quod
668 3479 714 3552 ita
727 3476 925 3574 reperirent,
941 3502 1015 3553 rem

61 3590 307 3685 nnnmaiorem
326 3611 440 3664 nece.
468 3592 535 3668 hoc
555 3590 672 3690 putavi
690 3609 724 3663 te
744 3588 831 3662 scire.
847 3583 1016 3686 oportere.

61 3690 112 3777 De
127 3695 234 3807 hortis
254 3721 297 3776 ex
314 3695 379 3776 tuis
398 3696 502 3777 literis
524 3696 696 3803 cognovi,
708 3694 958 3810 etChryfippo..
976 3690 1014 3774 in
