2348 4238
188 255 255 326 1⁶0
327 198 648 363 aetsrotnnuu
674 248 741 322 nu
756 244 812 347 Q}
829 251 1049 331 retranit

181 415 244 489 effe
257 414 500 514 diligentissime
521 415 665 512 linguam
684 414 921 490 continendam
935 446 1051 519 :squae
1063 421 1130 519 quii

181 529 257 601 dem
268 529 351 600 mihi
364 528 471 600 virtus
488 550 558 598 non
570 526 734 599 interdum
749 527 861 599 minor
872 530 1029 621 videtur,
1044 557 1130 629 quam

179 638 321 707 omnino
334 658 403 706 non
420 634 524 708 irasci.
544 638 632 707 Nam
654 629 733 707 illud
751 662 820 708 non
834 636 941 709 sol'um
961 638 1012 711 est
1034 639 1129 738 gravi·

56 785 60 790 ·
178 746 272 835 tatis,
285 744 340 818 sed
354 746 595 840 nonnunquam
607 745 706 817 etiam
720 745 928 819 lentitudinis
942 774 952 819 t
976 748 1129 820 moderari

177 880 261 930 vero
275 877 310 928 et
325 854 438 928 animo
449 854 661 943 etorationi,
679 881 756 926 cum
770 853 810 929 sis
825 855 933 931 'iratus
943 868 1035 947 ,aut
1044 858 1129 931 etiarn

175 984 284 1041 tacere
297 1020 308 1055 ,
321 986 355 1039 et
366 986 480 1039 tenere
491 964 529 1037 in
540 965 594 1036 sua
608 965 766 1060 potestate
775 959 909 1062 motum
924 968 1031 1041 animi
1044 972 1130 1044 erdo

174 1075 298 1162 lorem,
308 1076 364 1149 eth
373 1075 443 1147 nod
453 1074 500 1148 est
509 1071 673 1171 persedae
686 1073 877 1170 sapientiae,
886 1098 1002 1151 tamen
1011 1079 1059 1152 esl
1067 1104 1126 1152 nou

174 1185 376 1257 mediocris
367 1185 502 1291 ingenii.
525 1185 654 1279 Atque
645 1210 681 1255 m
699 1184 767 1256 hoe
776 1211 894 1284 genere
908 1190 1018 1263 multo
1031 1206 1064 1262 te
1074 1190 1128 1264 esst

172 1290 236 1362 iam
255 1293 524 1365 commodiorem
558 1290 795 1416 mitioremque
819 1294 984 1367 nuntiant
1020 1294 1126 1369 Nullae

171 1423 245 1475 tuae
259 1402 527 1476 vehementiores
548 1400 649 1473 animi
670 1402 914 1492 conciatione's,
935 1405 1027 1477 nulla
1039 1409 1126 1481 male·

171 1512 257 1584 diua
268 1515 310 1584 ad
325 1539 407 1602 nos,
428 1513 535 1586 nullae
560 1504 783 1584 contumeliae
799 1511 1039 1608 perferuntur:
1055 1540 1125 1614 quat

172 1649 251 1721 cum
268 1624 450 1697 abhorrent
467 1618 627 1714 aliteris,
647 1625 689 1696 ab
707 1624 930 1724 humanitate,
954 1644 1028 1700 turn
1052 1653 1124 1702 vero
1164 1612 1166 1637 ¹

171 1733 338 1806 contraria
350 1731 446 1806 sunt
438 1732 583 1830 imperio
596 1758 634 1807 ac
642 1733 803 1831 dignitati
818 1758 894 1806 nam
907 1733 933 1806 fi
945 1735 1123 1832 implacabi-

170 1845 215 1916 les
235 1844 423 1919 iracundiae
439 1846 524 1933 stnt3
548 1845 673 1918 summa
692 1842 738 1916 est
749 1846 934 1919 acerbitas
958 1845 1006 1920 lin
1026 1868 1122 1921 auten

171 1941 665 2052 eiorabi1e33summalevitas:
688 1982 771 2053 quae
784 1940 893 2029 tamen
908 1954 1012 2055 (utin
1025 1956 1120 2050 malis)

112 2052 154 2150 14¹
169 2065 336 2137 acerbitati
352 2046 585 2164 anteponenda
605 2064 661 2138 est.
682 2065 745 2139 Sed
760 2067 921 2163 quoniam
932 2066 1120 2162 primusan·

168 2202 228 2247 nus
239 2176 352 2250 habuit
367 2177 407 2249 de
422 2179 483 2250 hac
494 2176 747 2273 reprehensione
761 2176 942 2272 plurimum
962 2176 1132 2264 sermonis,

168 2288 273 2360 credo
287 2284 483 2386 propterea,
499 2292 591 2387 quod
603 2289 664 2360 tibi
674 2289 850 2361 hominum
866 2289 1023 2385 iniuriae,
1041 2289 1119 2388 quod

165 2397 340 2488 avaritiae,
361 2401 452 2498 quod
474 2399 647 2471 insolentia
670 2418 800 2495 praeter
817 2397 1016 2494 opinionem
1042 2400 1119 2472 acci*

166 2506 287 2599 debat,
307 2534 340 2582 er
360 2509 575 2595 intolerabilis
602 2509 800 2594 videbatur;
834 2508 997 2581 secundus
1021 2533 1117 2582 autem

166 2614 272 2688 inulto
286 2614 419 2706 lenior,
440 2617 535 2715 quod
547 2634 581 2689 et
593 2615 816 2719 consuetudo,
831 2617 965 2688 erratio
979 2623 991 2707 ,
1013 2640 1047 2691 et
1065 2617 1118 2716 (ut

166 2749 232 2822 ego
248 2722 413 2822 arbitror)
438 2750 531 2797 meae
555 2749 692 2823 quoque
711 2724 821 2795 literae
842 2743 874 2794 te
893 2724 1117 2820 patientiorem
1162 2752 1166 2760 ·

164 2833 391 2941 lenioremque
409 2835 582 2921 fecerunt3
612 2835 726 2905 tertius
756 2859 857 2930 annus
877 2835 922 2905 ira
943 2835 1010 2907 esse
1032 2834 1117 2909 debet¹
1160 2827 1166 2863 ²

164 2946 384 3036 emendatus,
407 2962 444 3018 ut
459 2972 500 3018 ne
521 2945 693 3016 minimam
709 2920 843 3064 quidem
863 2968 934 3015 rem
950 2942 1116 3044 quisquam
1162 2940 1166 2979 ³

163 3055 264 3152 poffit
288 3055 389 3127 ullam
417 3052 671 3152 reprehendere.
698 3050 775 3123 Ac
765 3076 831 3121 ram
854 3050 923 3122 hoc
950 3052 1032 3126 loco
1059 3075 1116 3124 non

163 3164 375 3255 hortatione,
402 3167 509 3262 neque
523 3161 731 3260 praeceptis,
756 3159 811 3233 sed
832 3160 990 3258 precibus
1017 3179 1114 3237 tecum

162 3270 315 3364 fraternis
333 3299 419 3372 ag03
436 3292 545 3346 rorum
565 3280 603 3346 tit
617 3271 784 3358 animum,
803 3295 932 3360 curam,
947 3274 1115 3372 cogitatio·

162 3405 305 3477 nemque
326 3403 417 3453 ruam
432 3405 538 3478 ponas
566 3380 601 3452 in
616 3380 769 3451 omnium
782 3376 878 3449 laude
897 3380 1049 3478 undique
1061 3378 1115 3454 eol·

161 3494 302 3590 ligenda.
329 3494 459 3589 Quodsi
471 3496 506 3566 in
521 3485 685 3568 mediocri
699 3490 783 3564 statu
798 3491 960 3567 sermonis
975 3520 1015 3567 ac
1030 3518 1114 3591 prae·

163 3603 337 3677 dicationis
359 3603 486 3676 nostrae
500 3630 551 3677 res
566 3604 669 3676 essent
683 3627 695 3687 ;
711 3600 794 3672 nihil
808 3601 865 3691 abs
887 3619 920 3672 te
941 3601 1114 3685 eximium,
1164 3623 1166 3627 ·

160 3715 242 3787 nihil
262 3735 391 3812 praeter
417 3715 560 3788 aliorum
586 3711 864 3790 consuetudinem
891 3709 1113 3808 postularem.-
