2348 4238
105 244 180 347 3&
344 239 877 319 coNsottsta

100 430 197 496 runt,
213 433 282 480 curn
303 410 339 477 in
355 410 421 480 diis
443 409 584 502 aequitm
598 409 760 503 praecipuae
778 411 910 505 rigeat,
927 436 1017 504 eaque
1035 413 1066 483 in

101 548 205 595 eorum
223 522 444 616 gubernatione
458 543 608 613 appareat
625 525 867 615 maxime',fieri
884 551 954 595 non
964 523 1066 622 paffe,

100 635 179 726 quin
198 635 365 725 nequitiam
377 632 552 725 scelereque
572 632 766 724 aversantur,
777 637 893 728 quique
905 663 943 704 ea
960 639 994 705 in
1006 636 1065 723 rito

100 764 310 829 excreuentnt,
323 768 373 813 eos
392 770 413 812 a
420 744 459 835 se
477 740 549 838 epfis
564 743 731 840 longeffime
742 745 934 842 seiungunt.
948 750 1027 841 quod
1035 749 1065 815 in

101 856 214 947 uulgus
228 854 288 938 edi,
304 879 465 947 tuumque
479 852 665 954 existiman,
682 881 750 924 non
763 859 859 924 modo
868 858 989 927 rationi
1001 881 1064 925 cort·⁴

101 965 226 1033 veniens
236 1012 247 1046 ,
258 959 318 1051 sed
335 964 409 1031 utile
426 988 544 1054 quoque
558 964 594 1030 in
608 965 722 1055 primis
735 961 775 1061 ᾦ
786 962 951 1055 futurum.
973 990 1064 1052 nam,

88 1073 128 1168 fi
146 1074 223 1165 quid
236 1076 272 1142 in
292 1074 452 1142 bominum
474 1073 594 1141 animis
610 1071 800 1168 pietatis,ſs
815 1074 899 1165 quid
920 1076 1068 1168 religionis

95 1184 215 1270 inerit,
229 1205 300 1252 certe
313 1183 351 1250 ob
368 1181 450 1251 bane
463 1178 653 1276 poriffimum
666 1177 792 1272 catastam
796 1181 835 1271 se
848 1209 870 1250 a
871 1182 1019 1279 flagitiis
1029 1210 1063 1253 ac

76 1314 78 1319 ·
92 1290 293 1383 facinoribus
306 1290 514 1391 obstinebunt,
527 1292 611 1382 quod
622 1292 736 1381 impios
749 1316 787 1359 ae
808 1291 956 1381 nefarios
974 1293 1062 1362 bonti-

98 1429 154 1472 nes
167 1430 189 1471 a
206 1405 327 1473 deorum
340 1404 471 1472 concilio
482 1428 520 1472 ae
525 1402 671 1494 societate
682 1405 777 1471 areeri
790 1404 991 1476 iudicabunt.
1005 1404 1064 1474 Nee

99 1513 183 1581 enirn
197 1514 342 1581 omnibus
358 1513 452 1581 iidem
467 1509 678 1605 illifiepientes
691 1513 837 1580 arbitrati
845 1512 931 1604 fient
945 1515 1062 1584 eandm

99 1622 219 1712 tursum
239 1625 273 1691 in
292 1627 405 1692 coelum
424 1644 538 1714 patere.
558 1649 635 1692 nara
651 1623 742 1691 vitiis
762 1618 795 1693 Gt
810 1624 980 1714 sceleribus
994 1651 1061 1693 coo·

98 1735 296 1820 ruminator,
315 1735 446 1824 deprimi
468 1735 506 1802 irt
523 1736 682 1816 tenebras,
699 1728 791 1825 atoue
808 1737 847 1803 iet
865 1761 962 1804 coeno
976 1738 1062 1805 iacere

97 1845 274 1916 docuerunt.
293 1843 390 1942 castos
415 1865 517 1913 autent
537 1847 684 1926 animos,
700 1869 821 1933 puros,
840 1847 998 1938 integros,
1013 1846 1060 1913 in·

99 1974 275 2043 corruptos,
291 1952 380 2020 bonis
400 1951 496 2018 etiarn
502 1949 622 2048 studiis
637 1970 727 2044 atque
742 1951 865 2020 artibus
885 1951 1060 2043 expolitos,

98 2066 161 2133 leni
179 2067 314 2158 quodam
335 2088 372 2131 ac
391 2061 488 2152 sectili
508 2060 599 2152 lapfit
614 2064 661 2129 ad
678 2052 766 2145 deos',
788 2062 825 2130 id
834 2061 896 2160 est,
909 2063 959 2129 ad
968 2083 1059 2130 naeu·

99 2205 166 2244 ram
182 2175 406 2269 suifimilm,
425 2177 591 2265 pervolare.
615 2175 697 2265 quod
712 2169 750 2266 st
768 2174 814 2240 ita
832 2171 890 2267 est,
911 2195 983 2242 certe
1006 2198 1058 2240 no·

95 2286 142 2379 bis
155 2335 165 2368 ,
180 2307 333 2376 quantum
352 2285 472 2352 conniti
497 2285 604 2350 animo
619 2279 803 2377 postumus,
817 2303 976 2370 quantum
992 2283 1058 2348 dili·

94 2397 200 2488 gentio
216 2393 373 2484 consequi,
387 2395 632 2463 contendendum
652 2415 742 2483 atque
754 2393 980 2459 elaborandum
1000 2392 1037 2487 est
1046 2433 1057 2470 ‚

94 2528 130 2574 ut
146 2531 184 2571 nc
206 2504 245 2571 ab
262 2505 303 2571 iis
313 2502 522 2596 segregemur,
537 2527 665 2592 quorum
678 2501 717 2599 cst
732 2504 893 2591 proprium
908 2504 978 2569 uita
991 2502 1057 2591 frui

86 2611 277 2703 sempiterna
297 2636 335 2680 ac
358 2612 456 2678 beata.
482 2612 566 2701 quod
580 2611 690 2704 efficere
711 2611 764 2701 qui
785 2613 916 2694 uoluerit
934 2611 1054 2702 (ornnes

94 2742 197 2788 autem
220 2723 293 2789 uelle
314 2720 479 2801 debebunt,
493 2718 590 2810 quise
612 2718 696 2810 ipsos
709 2721 829 2812 diligere
844 2770 856 2804 ,
871 2723 1054 2790 convenien-

91 2851 190 2919 terque
206 2850 336 2896 naturae
357 2832 459 2897 uolent
474 2830 570 2898 uiuere
586 2823 602 2922 )
626 2854 789 2919 nunquam
801 2833 990 2916 committet,
1000 2852 1054 2914 ut,

90 2964 168 3030 quae
182 2940 282 3007 ceteris
300 2938 432 3024 exitiofie
445 2936 517 3026 fiere
534 2939 711 3023 crediderit,
724 2964 759 3006 ea
774 2939 838 3029 ipse
846 2940 1053 3033 persequatur,

90 3075 185 3140 neque
207 3051 338 3117 enimin
351 3047 439 3140 spent
456 3051 557 3119 venire
569 3050 701 3138 poterit,
715 3069 773 3116 ant
792 3049 991 3140 ignoraturos
1004 3048 1056 3142 effe

90 3162 181 3242 deos,
195 3185 271 3251 quac
286 3158 349 3247 ipse
362 3180 455 3250 agot,
470 3183 538 3226 curn
553 3157 698 3225 diuinam
711 3178 861 3225 naturam
873 3161 962 3226 nibil
968 3184 1053 3249 prae·

92 3272 174 3338 terire
187 3264 323 3336 credibile
324 3264 391 3362 fit,
401 3289 458 3334 aut
469 3267 526 3334 itta
537 3268 738 3358 probaturos,
749 3291 769 3332 a
783 3266 897 3356 quibus
912 3293 979 3335 non
992 3292 1051 3333 mo·

91 3383 131 3450 do
145 3381 212 3464 dii,
222 3377 284 3469 scd
297 3377 390 3443 ctiam
400 3375 480 3465 sani
499 3376 636 3444 borsines
656 3376 851 3444 abhorreant.
879 3378 959 3465 quid
973 3376 1052 3444 enim

90 3492 212 3580 rumices
234 3486 391 3555 libidine?
405 3487 483 3576 quid
500 3487 626 3553 taetrius
643 3484 812 3553 ovantia?
831 3484 912 3575 quid
928 3482 1050 3582 detesta-

91 3599 187 3666 bilius
199 3596 399 3684 crudelitate?
413 3621 490 3687 quac
503 3595 646 3686 quamvis
659 3597 693 3662 in
713 3593 891 3661 bominibus
907 3596 1046 3685 aliquan·

92 3711 132 3779 do
146 3709 296 3808 existant,
311 3708 469 3778 tamenab
486 3706 623 3778 bortrinis
640 3728 755 3775 natura
766 3726 833 3774 tam
845 3705 1050 3800 alienasunt,
