2348 4238
96 249 166 331 168
228 248 546 327 murottnuu
572 250 639 327 ro
664 255 944 361 erntrnru
1003 362 1008 371 ἱ

16 480 19 485 .
86 414 195 487 dario
206 416 353 490 debitum
369 416 512 492 solutum
531 414 620 489 esset.
643 418 737 488 Haec
755 415 846 491 mihi·
864 414 1046 490 verisimilia

91 550 163 602 non
177 528 340 603 videntur.
356 526 428 599 sunt
443 526 531 599 enim
544 550 563 597 a
576 528 749 623 prudentia
759 546 815 600 tua
829 530 1046 604 remotissima.

83 636 146 710 tte
161 636 330 709 deminuat
342 634 462 707 heresi
480 635 577 729 Quid
591 634 615 706 st
629 632 788 707 infitiatur
802 635 817 706 i
836 637 932 729 Quid
945 638 1047 711 stom·

91 740 259 820 nino'non
272 746 445 818 debetur?
458 747 571 840 Quid?
597 762 731 842 praetor
743 742 827 819 solet
838 747 985 821 iudicare
997 750 1048 821 de·

92 854 326 949 berii'Quid?
347 882 412 955 ego
424 858 593 929 Fundanio
608 882 677 929 non
691 857 820 954 cupio?
843 882 917 930 non
930 856 1068 935 audent,

86 962 185 1039 sum?
209 989 278 1036 non
297 966 520 1041 misericordia
541 968 717 1040 moveor?
740 994 841 1041 nemo
856 970 986 1069 magis:
1001 970 1049 1043 scd

84 1070 149 1145 uia
170 1072 249 1145 iuris
267 1076 433 1149 eiusmodi
449 1077 495 1150 esi
510 1076 706 1174 quibusdam
728 1076 762 1148 in
781 1079 901 1168 rebus,
918 1096 957 1151 ut
977 1078 1050 1151 nibil

83 1179 133 1252 sit
145 1179 214 1253 loci
232 1186 365 1281 gratiae.
383 1191 493 1285 Atque
505 1186 549 1257 ita
564 1184 645 1257 mibi
661 1187 791 1259 dicebat
805 1188 939 1261 Flavius
953 1187 1050 1285 scrip·

83 1306 164 1363 nrm
176 1292 213 1363 in
226 1318 264 1367 ea
277 1295 441 1391 epistola,
462 1320 561 1391 quam
576 1313 666 1370 tuam
685 1296 751 1371 csse
773 1298 934 1385 dicebat,
955 1316 990 1372 te
1002 1316 1050 1371 aut

84 1403 184 1498 quast
198 1404 311 1477 amicis
327 1403 391 1475 tuis
405 1404 525 1501 gratias
541 1404 711 1494 asturum,
730 1406 892 1505 autquasi
915 1407 1050 1482 inimicis

87 1508 313 1585 incommoda
322 1512 471 1585 laturum.
492 1512 587 1606 Quid
600 1513 728 1586 multa?
750 1513 876 1588 serebat
888 1517 1050 1615 graviter,

82 1621 131 1694 ·id
147 1626 364 1696 vehementer
375 1648 506 1696 mecum
522 1624 740 1720 querebatur,
757 1626 959 1725 orabatque,
973 1627 1052 1700 utad

32 1729 35 1733 ’
84 1750 130 1806 te
139 1756 241 1830 quam
255 1734 495 1839 diligentissime
505 1734 700 1837 scriberem:
725 1736 819 1833 quod
838 1734 953 1830 facio,
975 1760 1009 1811 et
1023 1754 1051 1809 te

83 1847 230 1943 :prorsus
255 1848 471 1921 vehementer
492 1846 590 1920 etiam
610 1868 710 1945 atque
726 1846 823 1918 etiam
843 1862 953 1947 rogo,
977 1862 1053 1920 utet

75 1988 78 1993 ,
94 1953 370 2049 procuratoribus
379 1954 481 2030 Flavii
492 1954 640 2027 remittas
655 1954 697 2027 de
710 1952 959 2046 deminuendo,
972 1975 1006 2028 et
1017 1955 1053 2027 dc

94 2064 429 2157 Apollonidensibus
428 2121 438 2157 ,
455 2066 591 2165 nequid
614 2063 818 2161 perscribat,
832 2064 930 2165 quod
945 2082 1054 2141 contra

84 2173 248 2247 flavium
274 2174 298 2244 s
287 2193 330 2260 t,
358 2175 520 2298 amplius,
546 2197 580 2246 et
610 2174 714 2246 Flavii
737 2176 852 2264 causa,
875 2194 911 2249 et
938 2175 1054 2249 scilicet

83 2285 268 2395 Pompeii,
288 2283 520 2358 faciasomnia.
537 2283 630 2359 Nolo
644 2283 770 2355 medrus
781 2282 879 2357 fidius
890 2304 1001 2358 extera
1013 2287 1054 2359 in·

85 2392 206 2471 duria
197 2420 232 2469 m
246 2398 352 2487 illum,
364 2397 423 2468 tibi
437 2395 603 2467 liberalem
617 2419 671 2467 me
684 2395 809 2469 videri·
814 2380 876 2466 scd
892 2414 927 2468 et
940 2417 975 2468 te
984 2420 1071 2496 oto,¹

84 2524 134 2577 ut
147 2524 183 2577 tu
195 2505 263 2603 ipse
283 2505 512 2579 audoritatem
527 2522 560 2575 ct
574 2522 829 2577 monumentum
846 2503 997 2602 aliquod
993 2508 1053 2579 dc-

60 2638 63 2645 ’
83 2618 266 2704 ‘or-‘cibant
279 2619 447 2689 literarum
455 2632 584 2715 tuanrm
596 2616 778 2714 relinquas,
789 2617 882 2712 quod
895 2616 934 2690 stt
943 2618 1054 2692 adsida-

87 2724 146 2799 uit
158 2750 229 2796 rem
239 2742 272 2795 et
284 2724 325 2795 ad
340 2722 467 2794 causam
477 2725 781 2796 accommodatum.
795 2727 872 2795 Fert
885 2723 978 2801 enim
989 2748 1056 2821 gra·

85 2836 182 2909 viter
197 2835 303 2904 homo'
316 2854 349 2907 et
363 2858 427 2904 mer
418 2832 765 2918 observantissimus,
778 2851 811 2905 et
830 2832 900 2904 sui
890 2832 974 2904 ruris
987 2834 1054 2930 dig·

92 2944 270 3039 nitarisque
283 2942 444 3031 retinens,
457 2941 489 3013 se
502 2941 590 3038 apud
603 2958 635 3011 te
652 2966 771 3036 neque
768 2940 917 3010 amicitia
926 2965 1056 3039 ,neque

85 3054 333 3127 iurevaluisse.
324 3074 408 3141 et,
429 3071 467 3125 ut
491 3054 637 3148 opinor,
661 3053 765 3127 Flavii
785 3052 968 3149 aliquando
989 3078 1053 3125 rem

94 3186 130 3239 et
145 3166 322 3260 Pompeius
336 3185 370 3238 et
383 3165 502 3238 Caesar
522 3163 584 3236 tibi
608 3163 909 3250 commendarunt3
936 3182 981 3237 et
993 3161 1055 3261 ipse

4 3359 6 3362 Α
87 3280 139 3351 “ad
152 3298 186 3350 re
202 3276 370 3373 scripserat
388 3276 542 3373 Fsavius,
568 3293 602 3346 et
615 3299 678 3373 ego
693 3290 792 3347 certe.
822 3275 938 3366 Quare
958 3274 982 3345 fi
997 3273 1056 3345 ulla

91 3412 148 3462 'ros
165 3388 232 3474 cst,
253 3409 353 3487 quam
367 3387 496 3459 tibime
507 3384 689 3457 sariendam
705 3399 835 3480 petente
848 3399 964 3476 putes,
976 3384 1054 3455 hacc

86 3522 138 3568 ea
154 3499 210 3570 sit:
223 3499 256 3571 Si
272 3523 326 3570 me
341 3522 456 3585 amas,
478 3520 580 3583 cura,
597 3494 752 3582 elabora,
770 3490 910 3589 perfice,
929 3510 968 3564 ut
987 3493 1055 3565 sia·

96 3610 285 3683 viuscttibi
299 3624 332 3680 et
346 3606 429 3678 mihi
443 3631 542 3704 quam
562 3602 723 3675 maximas
743 3600 860 3700 gratias
881 3618 968 3699 agat.
992 3602 1055 3674 hoc

37 3760 40 3767 ·
95 3714 194 3791 reita
215 3740 325 3819 rogo,
350 3732 388 3791 ut
414 3714 541 3788 maiore
554 3712 670 3787 siudio
690 3728 807 3812 rogate
832 3734 902 3782 non
929 3709 1057 3810 podint.

12 3854 97 3984 'a'
