2362 4238
126 246 197 335 ²²34
371 218 890 308 nrtsrottn·
1005 252 1008 258 ·

122 399 240 490 rebus,
256 384 464 494 consiliisque
484 393 583 471 facias
616 392 855 492 diligentissime
882 391 1080 470 entioremt

123 509 271 606 illudque
284 506 488 596 confideres,
502 531 544 579 ne
557 524 612 579 tua
633 505 804 578 liberalitas
815 505 1008 580 dissolutior
1033 504 1082 577 ti·

124 619 249 694 dentur.
262 617 318 691 Sic
330 617 426 691 sentit
438 617 584 706 senatus,
597 614 642 688 lic
658 617 801 713 populus
814 618 1008 704 Romanus,
1020 613 1083 687 nul·

123 728 175 802 los
193 750 339 825 unquam
353 723 461 800 hostes
482 725 651 823 digniores
666 725 761 796 omni
784 723 950 822 supplicio
969 723 1060 802 fuisse
1070 775 1083 810 ,
1104 791 1108 797 .

124 861 225 933 quarn
243 859 302 908 eos
317 834 431 925 cives,
445 834 503 932 qui
519 835 586 908 boc
607 833 694 905 bello
709 856 826 906 contra
846 831 1083 930 pattiamarma

123 960 283 1036 ceperunt
298 964 308 1011 t
321 962 406 1036 quos
420 936 555 1036 quidem
569 961 635 1035 ego
645 936 800 1009 omnibus
813 935 982 1009 sententiis
998 935 1085 1009 ulcis·
1119 962 1121 967 ·

54 1107 56 1112 .
124 1072 207 1139 cor,
233 1067 267 1120 et
294 1047 475 1146 persequor
488 1048 670 1138 ,omnibus
697 1045 794 1119 bonis
818 1045 1085 1143 approbantibus.

1 1193 3 1197 ·
116 1149 181 1230 [Tu
207 1154 350 1256 quidde
376 1155 437 1226 hac
462 1179 498 1226 re
520 1152 653 1243 sentias,
668 1153 716 1226 tui
738 1153 851 1225 iudicii
868 1151 926 1225 est.
946 1145 1022 1250 Ego
1043 1151 1085 1224 fic

123 1263 251 1354 sentio,
266 1264 365 1338 trium
386 1263 522 1335 fratrum
538 1289 638 1336 unam
651 1281 685 1336 et
704 1262 844 1335 eandem
862 1261 928 1335 esse
948 1261 1086 1334 causant.

71 1407 72 1410 ¹
98 1402 101 1421 ·
123 1378 286 1452 Consules
299 1378 522 1477 duos‚bonos
533 1376 689 1474 quidem,
711 1377 767 1450 sed
779 1377 939 1449 duntaxat
957 1366 1086 1464 bonos,

121 1488 302 1565 amisimus.
331 1485 458 1560 Hirtius
474 1487 608 1584 quidem
627 1489 661 1560 in
677 1487 747 1586 ipsa
769 1487 912 1564 vidotia
937 1486 1086 1574 occidit,

86 1615 88 1619 ’
123 1623 201 1672 cum
215 1596 453 1694 paucisdiebus
471 1621 595 1694 magno
610 1597 741 1695 proelio
753 1614 828 1670 ante
843 1594 983 1668 viciffet.
1002 1595 1083 1667 Nam

43 1703 48 1713 ’
124 1706 225 1781 Pansa
251 1705 396 1804 fugerat,
417 1706 609 1779 'vulneribus
626 1705 787 1801 acceptis,
804 1727 890 1802 quae
908 1702 997 1776 ferre
1017 1727 1086 1775 non

123 1815 244 1916 potuit.
257 1815 428 1914 Reliquias
439 1816 583 1889 hostium
597 1818 717 1889 brutus
726 1813 948 1914 persequitur,
960 1832 994 1887 et
1006 1814 1085 1886 Cae·

21 1954 24 1959 ’
123 1923 327 2009 ίατ.,Ηοίὶεε
351 1945 461 1998 autem
483 1950 600 1998 omnes
619 1924 773 2008 iudicati,
792 1922 851 2021 qui
869 1925 924 1995 M.
950 1919 1084 1994 Antonii

122 2036 242 2110 sectam
263 2035 365 2110 secuti
385 2039 468 2110 sunt
492 2023 606 2135 ltaque
629 2038 664 2109 id
686 2032 998 2115 senatusconsultum
1017 2031 1087 2129 ple·

120 2145 220 2243 tique
230 2146 507 2242 interpretantur,
520 2149 619 2221 etiarn
633 2147 674 2218 ad
686 2167 777 2231 tuos„
791 2143 858 2215 sive
869 2142 1034 2240 captivos,
1043 2140 1083 2217 si·¹
1119 2150 1121 2207 ἶ

121 2277 168 2328 ve
183 2254 350 2335 dedititios
363 2257 537 2352 pertinere.
552 2258 713 2353 Equidem
727 2255 809 2326 nihil
818 2254 950 2328 differui
964 2249 1082 2338 durius,

118 2389 202 2436 curn
223 2365 420 2439 nominatim
440 2367 481 2439 de
508 2367 549 2438 C.
578 2368 727 2439 Antonio
748 2365 981 2451 decernerent,
995 2362 1081 2459 qnod

122 2472 169 2546 ita
183 2465 379 2560 statueram,
401 2497 466 2547 ate
480 2475 682 2572 cognoscere
703 2474 833 2549 causam
851 2473 920 2548 eius
941 2475 1082 2550 senatun

123 2605 294 2685 oporteret
317 2613 352 2660 x.
369 2589 511 2661 Kalend.
528 2588 642 2664 Maias.
738 2646 744 2657 .

271 2805 522 2899 arturus
571 2803 883 2878 crcnnout
933 2801 967 2879 s.

123 2970 284 3064 Respondet
301 2979 429 3064 superiori
446 2980 591 3063 epistolae,
607 2981 639 3044 δι
653 2979 889 3065 reprehensionem
902 2979 1001 3042 nimiae
1014 2973 1078 3041 inc.

167 3075 322 3138 Antonium
344 3077 502 3138 dementiae
523 3077 609 3139 diluit.
639 3078 757 3152 Monet,
777 3095 812 3136 ne
832 3078 919 3137 nimiis
937 3074 1080 3137 honoribus
1093 3100 1107 3155 χ

167 3165 330 3228 Ollariano
346 3169 492 3230 tribuendis
503 3169 605 3230 malunt
615 3169 771 3252 exemplum
782 3167 940 3245 inducatur,
956 3182 1080 3252 quoreg·
1109 3156 1112 3161 ¹

142 3337 148 3348 Ι
167 3259 251 3320 nandi
269 3260 361 3340 cupidi
379 3261 544 3335 abutantur,
556 3274 636 3343 atque
649 3264 697 3322 illis
713 3264 750 3322 ita
765 3262 894 3344 regnandi
911 3260 1020 3324 occasio
1037 3259 1080 3320 de·

164 3369 226 3432 tur,
240 3353 315 3437 quod
330 3353 357 3417 se
373 3356 549 3422 vehementer
563 3360 659 3425 timere
671 3355 797 3421 ostendit.
817 3355 904 3432 Anne
919 3355 958 3421 U.
969 3355 1005 3421 C.
1020 3370 1082 3447 για

127 3607 162 3685 ’4.
182 3493 445 3704 QUANTA
453 3597 519 3698 fine
540 3598 662 3676 laetitia
679 3594 829 3697 afficiat,
846 3601 981 3699 cognitis
1001 3603 1090 3673 rebus*

122 3707 333 3830 ³B't‘f'120stri
356 3703 390 3784 ss
413 3711 598 3817 confidunt,
614 3711 804 3817 sardiuscst
816 3715 877 3788 tibi
896 3715 1088 3818 arfinan,
