2348 4238
83 246 166 349 3β·
332 232 865 329 ΟΟΝδθιᾹΤῐα

525 362 534 403 t

81 416 178 499 hta,
197 411 381 503 confirmet:
397 418 482 511 quod
500 416 636 505 Pericli,
648 416 816 513 doiiq'simo
839 419 1047 506 hominurn·

82 531 231 621 uinoque
244 530 372 623 ingenia
380 528 666 622 praeditofineulla
679 531 879 607 dubitatiom
888 529 1046 629 eonriyffi,

77 643 208 738 prorsus
222 643 303 711 miiei
314 643 481 735 perstcadeo
495 645 605 736 :ipsae
622 665 725 714 tamen
738 643 955 735 fortitudinis
971 648 1047 714 radi·

81 779 131 824 ets
150 757 186 822 in
200 754 310 822 anieno
323 756 485 847 praecipue
505 753 646 848 infident.
670 754 811 847 quicum
841 753 986 824 humana
1002 756 1048 822 de·

74 864 193 957 spicit,
209 889 265 934 nee
278 867 324 932 ad
340 866 487 949 humilia,
502 862 593 961 quast
600 866 687 934 humi
703 860 882 962 depressus,
895 862 1050 959 ullo'pac'io

82 970 273 1062 adhaerescit
286 997 302 1056 ,·
315 971 415 1063 sercile
426 973 486 1062 fit,
500 995 535 1042 ue
548 975 696 1044 uberiores
719 970 752 1044 δ’
777 975 964 1046 maturiores
968 972 1049 1064 sruc-

83 1101 137 1151 trts
150 1079 236 1170 serat
249 1134 262 1169 ,
273 1107 342 1152 cum
357 1086 403 1151 ad
418 1109 485 1152 curn
493 1134 503 1167 ,
518 1085 614 1153 ueluti
624 1087 670 1152 ad
679 1110 788 1178 agrum
803 1085 980 1175 optimum,
993 1084 1049 1152 ert·

82 1212 178 1277 tura,
194 1194 276 1261 ratio
297 1194 392 1262 etiarn
423 1191 575 1291 aecefferit
603 1193 873 1285 consrnnatioque
892 1191 1050 1263 dofirinae.

82 1326 153 1373 non
178 1304 262 1371 enirn
273 1354 284 1389 ,
290 1302 387 1395 sensu
405 1303 494 1373 omni
520 1305 634 1374 doloris
652 1298 938 1398 cantiffeficmmos
952 1303 1050 1388 uiros,

82 1417 263 1485 eredendum
283 1415 329 1515 qi
350 1419 453 1508 qualis
468 1414 552 1484 enim
576 1413 658 1482 nihil
668 1411 841 1504 sentientis
859 1413 966 1480 animi
977 1410 1047 1503 sen·

72 1527 178 1622 sitque
192 1526 322 1620 prorsies
347 1527 483 1597 carentis
500 1525 717 1623 fffortitudo
731 1519 912 1621 potuiffet?
923 1523 991 1591 sat
1003 1525 1048 1590 do·
1090 1476 1093 1593 i

14 1668 17 1672 ·
84 1637 179 1705 dorem
191 1637 385 1726 sentientes,
406 1640 452 1706 ad
474 1664 542 1707 eum
565 1638 797 1732 opprimendum
819 1660 859 1704 ac
873 1633 1049 1704 uincendum

74 1745 241 1842 sitmmam
269 1740 373 1816 animi
399 1752 623 1820 contentionem
643 1747 857 1830 adhibebant,
878 1765 1050 1834 taatrcmqett

81 1857 297 1942 nitebantur,
319 1879 356 1926 ut
384 1883 529 1953 epugna
548 1856 731 1949 discederent
747 1852 934 1946 superiores.
955 1873 1047 1920 uerum

81 1958 169 2036 enim
187 1968 269 2035 illud
289 1965 345 2066 est,
360 1970 482 2038 nullam
496 1970 603 2037 animo
617 1964 764 2036 maiorem
777 1962 898 2055 pestem
911 2011 922 2048 ‚
937 1987 1003 2031 una
1013 1983 1047 2027 re·

83 2077 246 2173 missione,
273 2079 357 2175 posse
383 2082 561 2177 contingere.
594 2081 650 2174 qui
662 2076 701 2177 st
718 2080 860 2147 intentus
884 2075 946 2176 esi,
965 2072 1051 2164 seque

82 2188 129 2252 ad
149 2186 337 2288 refistendum
356 2192 593 2283 parat,omnia
613 2189 747 2289 sustinet
762 2188 930 2278 pondera,
949 2180 1050 2250 ornnia
1091 2216 1093 2221 ·

83 2299 136 2367 uel
149 2297 333 2392 firmiffima
360 2321 511 2369 tormenta
524 2298 623 2389 setcile
654 2297 790 2388 discutit.
803 2320 841 2364 ae
863 2297 984 2386 depellit
998 2316 1010 2359 .·
1023 2307 1052 2357 at

81 2412 253 2507 remiffionc
278 2410 492 2485 enervatus&
519 2409 714 2509 effeminatus
743 2412 788 2479 ita
810 2399 1050 2500 deprimitur&

82 2544 225 2615 tergetur,
238 2545 275 2593 ut
286 2524 325 2614 se
342 2526 387 2592 ad
403 2524 586 2616 aequitatem
607 2543 739 2614 nequeat
751 2521 909 2590 extollere.
926 2520 993 2586 Nec
1007 2542 1050 2584 ue·

81 2655 116 2699 ro
139 2635 310 2724 quisquam
333 2637 446 2703 doloris
468 2637 611 2726 impeturn
640 2632 772 2721 excipere
794 2654 831 2696 ac
848 2626 977 2716 fortitu
987 2649 1051 2716 per·

75 2743 145 2834 peti
159 2738 277 2836 poseo,
303 2741 406 2839 nisise
424 2746 514 2834 prius
534 2744 579 2810 ad
598 2739 795 2838 obststendune
825 2729 1028 2830 comparaffet
1038 2756 1052 2814 ς

81 2873 139 2919 aut
149 2851 375 2940 sortitudinern
401 2854 577 2945 acquirere,
598 2847 755 2945 nifiprius
774 2847 937 2914 doloribus
952 2843 1051 2912 multis

81 2963 225 3029 acerrime
246 2988 283 3030 ac
291 2962 457 3057 firrtiffirrre
482 2957 638 3061 restitisset.
666 2987 704 3026 ex
721 2982 782 3047 quo
797 2953 988 3042 consuetudo
993 2951 1053 3039 fit,

81 3090 161 3156 quae
186 3073 304 3139 callum
324 3074 449 3139 obducit
472 3073 602 3152 animo,
623 3094 737 3162 nosque
752 3089 861 3138 contra
889 3091 996 3133 omnes
1014 3063 1057 3128 ud

81 3199 234 3260 naturae,
242 3181 441 3266 veisortunae
450 3183 580 3272 impetus
592 3181 705 3253 armat.
717 3183 779 3252 An
793 3178 969 3268 censemus,
981 3174 1054 3243 Har

77 3312 199 3380 pagum
226 3291 355 3361 Medum
375 3314 498 3361 tantum
516 3294 723 3382 firmitudinis
742 3295 939 3381 exemplum,
956 3312 1051 3382 quam
1090 3278 1092 3285 Ι

82 3414 151 3462 tum
166 3397 207 3464 ab
222 3397 380 3466 Herodoto
394 3403 554 3468 memoriae
567 3405 753 3491 mandatum
766 3399 823 3496 est,
839 3401 923 3467 cdere
939 3393 1053 3488 potuis·

10 3551 13 3558 ·
70 3505 132 3596 sa,
157 3505 223 3599 nisi
234 3511 326 3600 prius
341 3514 375 3577 in
393 3514 568 3601 patientiae·
587 3539 624 3580 ac
631 3510 832 3600 fortitudinis
855 3508 1049 3576 exercitatio·
1090 3588 1092 3595 ¹

80 3641 125 3682 nec
136 3614 229 3708 saepi
252 3635 311 3687 c'utc
329 3622 467 3713 versatus
489 3617 583 3718 effet?
596 3648 650 3688 nec
664 3617 735 3716 sine
759 3616 908 3685 maximo
924 3615 1050 3706 fredit,
1090 3666 1092 3709 Ι

87 3757 267 3837 magnaque
274 3734 381 3827 potius
404 3758 474 3805 curn
487 3733 630 3805 nominis
635 3729 691 3823 fici
703 3722 815 3826 gloria.
833 3749 961 3797 tanturn
976 3727 1048 3796 enirn

11 3842 106 3958 ’ἱ
