2348 4238
184 232 276 330 ιω
321 256 641 332 ausromnuu
668 261 736 335 in
759 252 1039 357 ornament

175 432 258 491 tum.
289 419 423 494 Deinde
446 421 515 495 eius
538 447 660 519 operae
682 448 819 522 repente
841 452 861 499 a
880 428 1088 504 Graecostafi
1108 447 1139 504 et

87 587 90 593 .
172 531 331 627 gradibus
355 533 535 604 clamorem
552 535 625 605 satis
645 561 800 632 magnum
822 537 1039 633 sustulerunt,
1065 543 1136 639 opi·

88 665 93 671 ·
173 642 295 739 nor-in
315 644 360 734 Q.
381 643 553 716 Sextilium
572 668 605 716 et
615 645 741 721 amicos
758 648 896 721 Milonis
911 650 1077 724 incitatae.
1091 655 1135 724 Eo

170 769 264 824 metu
283 753 426 844 miodo,
440 770 593 848 repente,
612 780 730 853 magna
743 758 956 854 querimonia
968 763 1134 851 omniurn,

74 925 79 932 .
170 861 381 938 discessimus.
405 867 516 940 Habes
540 869 609 939 aua
630 866 727 938 unius
745 867 820 940 diei.
839 868 965 968 reliqua
984 871 1136 959 ,utarbi

101 1056 106 1080 ι
153 993 263 1062 ¹ator,
276 975 311 1044 in
330 979 474 1050 mensem
498 975 682 1049 Ianuarium
707 976 907 1050 reiicient'ur.
925 978 984 1050 De
997 979 1134 1055 tribunis

167 1083 278 1180 plebis
295 1085 393 1184 longe
416 1087 585 1184 optimum
617 1086 780 1158 Racilium
803 1086 979 1161 habemus.
1005 1089 1134 1164 videtur

167 1197 266 1270 etiam
282 1196 437 1270 Antillius
449 1197 575 1270 amicus
596 1197 693 1270 nobis
712 1195 798 1270 fore.
820 1221 895 1269 narn
912 1198 1131 1295 Planciusto·

167 1326 219 1382 tus
241 1310 352 1383 noster
368 1309 423 1382 est.
451 1314 535 1398 Fac,
551 1309 575 1380 li
589 1335 643 1383 me
657 1334 765 1394 amas,
778 1329 814 1381 ut
834 1310 1041 1385 considerate
1062 1311 1131 1385 dili·

164 1416 348 1520 genterque
370 1418 505 1517 naviges
527 1423 568 1495 de¹
586 1419 694 1492 mense
711 1419 908 1493 Decembri.
962 1516 966 1526 .

287 1596 542 1671 unucus
602 1599 646 1692 o
708 1599 1024 1676 runrn1S.

48 1850 51 1857 Ι
163 1756 323 1853 Respondet
340 1773 374 1834 de
388 1756 492 1834 Lerituli
503 1776 535 1836 &
546 1773 620 1837 Sexti
636 1775 790 1842 nominibus
803 1776 944 1860 exigendis
955 1776 987 1838 &
1007 1776 1127 1860 Pompo-

200 1869 293 1926 nianis
310 1869 371 1930 inde
383 1869 574 1942 dillolvendis,
586 1871 695 1952 aliisque
706 1872 785 1931 rebus
796 1868 950 1944 domesticis
960 1895 970 1947 3
982 1871 1013 1933 &
1025 1872 1128 1954 detege

107 1955 109 1960 ’
205 1959 393 2024 Alexandrino
404 1963 560 2025 reducendo
574 1964 641 2046 quid
651 1965 791 2024 decretum
803 1964 834 2025 ὃ(
847 1962 938 2035 adium
949 1960 999 2040 sn,
1010 1964 1042 2026 δι
1053 1962 1126 2045 quale

201 2071 293 2116 totum
303 2058 442 2141 negotium
453 2057 501 2134 lit,
513 2061 632 2122 breviter
646 2075 855 2122 commemorat.
867 2057 954 2120 Armo
961 2056 1003 2119 U.
1015 2055 1053 2120 C.
1062 2057 1126 2140 697.

164 2282 196 2331 2.
216 2163 374 2334 NON
391 2258 629 2354 occupatione,
647 2283 712 2354 qua
730 2282 818 2328 eram
834 2257 908 2329 sane
930 2256 1124 2353 impeditus,

159 2368 218 2440 sed·
242 2367 381 2462 parvula
401 2367 597 2464 lippitudine
619 2369 776 2459 addudlus
795 2368 887 2452 sum,
907 2390 944 2441 ut
968 2369 1121 2442 dietatem

157 2476 242 2550 hanc
261 2477 430 2573 epistolam
445 2502 462 2570 3·
474 2495 507 2550 et
522 2502 592 2549 non
604 2531 615 2568 ‚
629 2496 668 2549 ut
680 2478 721 2549 ad
735 2495 774 2549 te.
786 2478 894 2563 soleo,
912 2476 980 2572 ipse
1001 2477 1121 2550 scribe·

157 2612 239 2659 rem.
251 2591 292 2658 Et
307 2587 452 2684 primum
469 2613 522 2658 me
537 2589 598 2660 tibi
612 2588 734 2661 excuso
749 2588 783 2659 in
796 2612 838 2658 eo
851 2586 945 2682 ipso,
955 2587 990 2657 in
1006 2576 1119 2685 quo'te

156 2701 289 2775 accuso.v
306 2725 360 2771 me
378 2701 466 2773 enim
486 2700 593 2772 adhuc
610 2727 711 2772 nemo
730 2702 975 2798 rogavit,num
992 2701 1117 2800 quidin
1157 2732 1164 2746 ·

155 2811 337 2882 Sardiniam
360 2808 480 2882 vellem
495 2835 504 2881 ε
519 2829 554 2881 te
572 2826 656 2904 puto
674 2811 766 2905 saepe
780 2810 918 2897 habere,
938 2810 1018 2907 qui,
1040 2835 1116 2883 num

153 2919 237 3017 quid
260 2922 404 2991 Romam
418 2919 520 3007 velis,
540 2942 707 3021 quaerant.
727 2919 831 3010 Quod
850 2919 961 2990 adme
977 2919 1021 2993 de
1041 2923 1118 2993 len·

153 3030 214 3106 tuti
242 3047 275 3101 et
299 3027 389 3100 Sexti
416 3029 553 3101 nomine
579 3027 750 3123 scripsisti,
777 3028 909 3100 locutus
939 3026 1013 3099 sum
1042 3052 1116 3101 cum

48 3154 53 3165 '
152 3139 288 3211 Cincio.
308 3162 448 3234 quoquo
474 3137 579 3209 modo
600 3163 652 3210 res
668 3135 701 3209 se
726 3138 844 3227 habet,
868 3161 939 3238 non
962 3136 1011 3210 est
1030 3137 1115 3210 facil·

149 3252 247 3342 lima,
269 3252 442 3326 sedvhabet
467 3251 620 3350 profedlo
640 3251 798 3350 quiddam
818 3251 966 3324 Sardinia
989 3250 1114 3350 appoli·

95 3411 97 3415 v
149 3386 221 3441 tum
237 3367 278 3438 ad
290 3365 563 3446 recordationem
579 3365 775 3462 praeteritae
792 3364 985 3438 memoriae.
1005 3368 1110 3455 Nam,

119 3442 129 3481 s
148 3478 248 3550 utille
263 3477 434 3552 Gracchus
448 3501 574 3573 augur,
589 3474 801 3574 posteaquam
813 3472 847 3545 in
859 3472 952 3546 illam
971 3479 1110 3572 provin·

147 3587 233 3660 ciam
265 3588 375 3670 venit,
401 3588 596 3658 recordatus
617 3581 688 3669 est,
717 3584 798 3681 quid
820 3583 905 3669 fibi,
932 3585 967 3656 in
993 3614 1108 3685 campo

146 3696 271 3773 Martio
285 3696 423 3773 comitia
434 3695 607 3771 consulum
621 3693 753 3768 habenti
762 3749 774 3786 ,
784 3712 903 3768 contra
909 3697 1057 3795 auspicia
1065 3723 1108 3772 ac·
1163 3748 1166 3792 Ι

66 3856 159 3992 2„
