2348 4238
407 244 636 321 LIBER
686 244 767 322 111.
991 268 1058 326 stt

81 430 158 513 que
179 404 366 509 &figentes
389 409 432 481 ad
456 408 602 482 Telluris
619 409 756 507 quidem
774 407 876 484 etiam
894 426 984 485 tuam
997 411 1063 487 sta·

82 536 187 597 tuam
201 518 327 594 locavi.
341 522 423 592 item
440 520 482 591 de
496 521 601 597 hortis
615 522 707 619 quod
721 544 775 592 me
796 522 956 596 admones
970 577 982 613 ,
1000 544 1064 600 nec

86 631 141 707 sui
161 656 314 729 unquam
329 629 426 703 valde
440 629 597 727 cupidus,
618 647 652 701 et
666 639 756 702 nun'c
772 630 891 704 domus
905 631 1065 731 suppedi-

88 762 140 818 tat
166 742 254 816 mihi
266 741 448 815 hortorum
474 740 720 814 amoenitatem.
750 742 892 816 Romam
907 769 983 816 cum
1002 770 1065 820 ve·r

88 850 213 929 nissem
237 874 268 926 a.
294 850 328 923 d.
345 868 418 922 xm
433 848 509 923 Kal.
528 850 653 922 Osiob.
679 848 863 923 absolutum
878 848 1007 927 offendi
1027 855 1064 927 in
1104 902 1111 917 ·

89 960 233 1035 sedibus
244 958 311 1032 tuis
323 959 463 1032 tedium:
482 959 574 1059 quod
588 958 686 1055 supra
699 959 872 1033 conclavia
885 987 974 1034 nunc
989 963 1065 1061 pla·

89 1082 211 1143 tuerat
224 1066 364 1141 tibiesse
384 1067 576 1140 multorum·
592 1064 820 1165 fastigiorum,
843 1068 879 1140 id
904 1095 974 1142 non
997 1073 1065 1145 ho·

90 1176 187 1255 ueste
201 1177 317 1276 vergit
327 1170 363 1250 iu
376 1178 501 1251 testum
515 1175 683 1250 inferioris
697 1177 854 1274 porticus.
866 1180 990 1253 Cicero
1000 1207 1066 1255 no·

88 1290 185 1380 sier,
209 1288 291 1361 dum
304 1310 370 1385 ego
384 1287 522 1376 absum,
548 1282 619 1358 non
632 1286 768 1362 cessavit
781 1287 869 1382 apud
882 1288 1065 1365 rhetorem.

85 1402 153 1477 De
169 1390 243 1474 eius
255 1396 444 1471 eruditione
459 1398 553 1496 quod
562 1397 714 1483 labores,
728 1397 808 1469 nihil
820 1396 867 1471 est
879 1452 890 1489 ,
902 1401 1064 1497 quoniam

91 1506 268 1610 ingenium
280 1507 350 1581 eius
363 1504 472 1593 nosti3
498 1505 638 1578 studium
653 1530 717 1611 ego
731 1507 845 1582 video.
869 1530 976 1583 cetera
994 1511 1066 1587 eius

90 1608 255 1718 suscipio}
263 1637 300 1690 ut
308 1635 481 1721 meputem
488 1615 652 1716 praestare
664 1617 797 1692 debere.
811 1621 1065 1698 Gabiniumtres

89 1729 207 1803 edituo
221 1724 384 1801 fadiones
397 1725 563 1824 postulant
575 1753 585 1796 t
607 1730 643 1801 L.
654 1729 838 1816 Lentulus,
865 1728 1007 1806 flaminis
1020 1731 1064 1805 si·

89 1838 183 1935 iius,
202 1842 262 1941 qui
273 1841 339 1929 iam
354 1840 395 1914 de
409 1838 572 1912 maiestate
581 1838 763 1939 postulavit
777 1866 786 1913 t
801 1842 865 1929 Ti.
879 1845 973 1915 Nero
987 1865 1065 1917 cunt

91 1950 196 2025 bonis
223 1948 520 2047 subscriptoribus:
544 1949 585 2023 C.
609 1949 787 2022 Memmius
800 1952 949 2026 tribunus
962 1955 1066 2049 plebis

91 2084 171 2135 cum
190 2062 228 2131 1,
239 2056 414 2155 Capitone.
433 2056 475 2131 ad
489 2052 749 2131 urbem-accessit
763 2082 792 2134 a.
804 2059 836 2132 d.
849 2082 906 2133 ΧΠ
922 2064 1064 2137 Kalend.

91 2169 238 2243 Odobr.
254 2167 334 2253 nihii
348 2167 476 2264 turpius
492 2221 503 2259 ,
529 2192 591 2241 nec
605 2164 774 2241 desertius.
800 2169 855 2241 sed
868 2169 917 2243 his
933 2170 1064 2243 iudiciis

87 2269 178 2353 'nihil
192 2272 304 2348 audeo
322 2275 504 2349 considere.
531 2276 638 2370 Quod
649 2276 736 2351 Cato
747 2303 818 2350 non
835 2278 982 2367 valebat,
1007 2282 1066 2354 ad-

93 2384 162 2459 ituc
170 2384 215 2457 de
225 2383 379 2479 pecuniis
395 2374 585 2480 repetundis
600 2408 669 2457 non
679 2405 748 2458 erat
758 2386 948 2482 postulatus.
965 2388 1065 2460 Pom·

93 2494 190 2593 peius
204 2517 223 2564 a
238 2518 294 2566 me
313 2490 409 2567 valde
425 2492 597 2565 contendit
614 2493 656 2566 de
674 2494 782 2567 reditu
796 2495 830 2566 in
844 2496 1064 2593 gratiam,¹sed

95 2606 206 2679 sdhuc
221 2602 302 2675 nihil
322 2602 487 2699 profecit,
512 2626 572 2677 nec
587 2604 636 2693 ,st
648 2600 747 2680 ullam
762 2624 890 2702 partem
904 2604 1063 2682 libertatis
1077 2648 1085 2661 ·

95 2715 245 2802 tenebo,
260 2708 422 2807 proficiet.
441 2709 531 2786 Tuas
545 2713 655 2788 literas
669 2716 885 2789 vehementer
898 2715 1062 2815 exspecto.

96 2824 204 2918 Quod
216 2822 330 2897 scribis
348 2840 381 2896 te
406 2824 551 2915 audisse,
573 2827 608 2896 in
636 2824 889 2901 candidatorum
913 2826 1062 2928 consida-

95 2936 182 3007 rium
202 2934 350 3007 coitione
363 2933 628 3033 meinterfuisie,
644 2934 679 3009 id
693 2934 807 3013 salsum
822 2936 878 3009 est.-
894 2938 1061 3013 eiusmodi

96 3045 185 3118 enim
200 3042 368 3142 padiones
382 3044 416 3114 in
430 3069 468 3116 ea
482 3045 631 3117 coitione
643 3044 746 3117 sabbae
757 3046 843 3132 sunt,
857 3059 940 3142 quas
948 3048 1063 3142 postea

98 3153 278 3228 Memmius
289 3151 467 3250 patefecit,
490 3173 528 3224 ut
542 3177 643 3225 nemo
654 3154 763 3226 bonus
772 3152 921 3227 iuteresse
936 3156 1061 3231 debus·

97 3263 157 3334 rit:
173 3278 208 3334 et
216 3260 311 3332 simul
321 3261 401 3333 mi'ni
408 3262 685 3335 committendum
696 3284 764 3334 non
777 3252 858 3353 fuir,
874 3287 912 3335 ut
924 3262 976 3335 his
988 3265 1062 3337 coi·

97 3372 247 3443 tionibus
272 3369 478 3460 interessem,
502 3372 624 3469 quibus
646 3370 780 3444 Messala
803 3368 1060 3447 excludereuut

98 3482 153 3553 cui
166 3481 305 3579 quidem
320 3479 534 3553 vehementer
545 3470 709 3553 satisfacio
721 3481 816 3553 rebus
830 3478 1008 3571 omnibus:
1023 3503 1060 3558 ut

98 3590 268 3681 arbitror,
293 3589 392 3662 etiam
414 3592 589 3662 Memmio.
615 3589 774 3663 Domitio
794 3589 854 3684 ipsr
872 3589 973 3662 multa
992 3592 1059 3665 iam

97 3696 189 3794 feci,
212 3698 298 3799 q'uae
311 3692 443 3793 voluis,
460 3724 646 3800 quaequea
667 3725 722 3776 me
743 3699 874 3872 pegvit.
900 3698 1058 3778 sehusun

839 3819 865 3875 ἃ

1059 3968 1144 3992 ι*
