2362 4238
244 238 855 365 'consottsto
916 283 1074 363 .,„

99 418 198 494 riae?
207 442 243 492 ut
255 447 321 490 non
335 425 425 491 modo
438 423 624 505 honoribis,
634 423 803 517 dignitate,
814 421 993 496 auc'ioritate
998 428 1079 518 spo·

100 528 200 619 liarit
209 531 287 621 ,sed
297 533 390 600 etiarn
404 533 440 599 in
461 530 605 628 exfilium
624 534 747 625 miserit.
766 538 852 627 quod
862 559 970 606 contra
985 564 1074 629 opor·

101 643 212 727 tabat,
234 642 319 710 viros
347 643 502 732 optimos,
522 640 699 738 patriaeque
718 644 943 742 amantffmos
963 650 1074 720 honore

99 751 212 847 affici,
227 751 264 820 in
286 754 385 822 oculis
407 752 497 842 ferri.
526 753 632 847 Scipio
645 755 827 847 Africanus
849 762 939 850 apud
956 759 1075 859 nostros

103 863 259 954 optimam
278 862 405 953 causam
424 868 607 958 amplexus,
617 893 790 959 paucorum
802 870 1019 941 immoderatae
1032 875 1075 940 li·

108 972 217 1039 bidini
238 996 438 1066 repugnans,
455 990 548 1042 marte
570 960 709 1045 mortuus
723 976 760 1044 in
772 973 1076 1076 'kiloestinven'tuss
1100 1050 1103 1061 ,

105 1085 165 1150 nec
183 1079 286 1171 abjicit
298 1079 458 1174 fitspicio‚
473 1083 551 1174 quin
572 1084 612 1151 ab
633 1109 750 1171 uxore,
764 1111 840 1177 quae
864 1084 1073 1156 Gracchorum
1151 1094 1153 1099 ’

97 1190 195 1282 firror
210 1192 305 1281 fuit,
325 1191 527 1283 interftt‘lores
555 1189 647 1290 effenc
665 1185 795 1289 immiffi.
821 1195 947 1264 Metello
970 1218 1073 1266 autem

106 1303 279 1372 Numidico
289 1354 302 1388 ,
315 1303 438 1372 homine
457 1305 600 1403 omnium
620 1301 783 1398 tlariffimo
801 1329 838 1373 at
850 1290 1075 1404 praestanttffi-

106 1434 181 1500 mo,
199 1415 278 1506 quid
297 1411 437 1503 miserius
449 1414 469 1482 l
482 1413 556 1505 qui,
574 1439 613 1482 ne
631 1414 668 1482 in
686 1417 777 1509 legem
796 1412 1000 1506 pemieiosam
1020 1418 1074 1484 itt-

107 1544 203 1604 raret,
218 1524 253 1589 in
262 1518 401 1615 exfilium
414 1518 548 1617 abirestt
561 1520 693 1590 toat‘lus.
708 1516 981 1612 fateorprofet‘lo,
995 1523 1077 1591 inter
1106 1593 1114 1613 ,ι
1156 1528 1161 1536 ’

107 1632 219 1700 omnia
240 1629 342 1727 exsilii
356 1655 487 1723 genera,
502 1651 593 1722 atque
618 1654 724 1701 omnes
746 1629 938 1721 miseriarum
960 1631 1074 1719 causas
1142 1668 1143 1673 ι

107 1743 249 1811 maxime
259 1732 413 1840 honestam
424 1742 588 1809 Numidici
589 1737 689 1836 futfft
701 1728 930 1824 conditiontm‘;
945 1743 995 1810 cui
1001 1767 1077 1834 pro·

106 1849 210 1938 luas,
225 1852 409 1946 integritas,
423 1853 458 1919 in
473 1851 614 1942 patriam
634 1852 774 1936 caritas,
788 1850 980 1918 calamitatis
996 1870 1075 1918 eau-

97 1963 174 2054 sam
200 1965 361 2031 attulerit:
379 1961 441 2053 sed
466 1983 571 2032 tamtrt
590 1958 760 2050 fatendum
781 1955 1082 2057 est,·'graviffimam.

99 2069 204 2168 fttiffc
222 2073 451 2161 calamitatem,
464 2074 542 2162 pelli
554 2072 686 2163 patria,
709 2073 803 2140 avelli
825 2090 847 2138 a
864 2067 961 2159 setis,
975 2069 1076 2135 bono*-

104 2204 177 2253 tum
193 2182 386 2272 direptionem
396 2231 410 2264 ,·
419 2183 578 2285 liberorum
577 2178 647 2276 fite
660 2179 844 2279 moestitiam
855 2227 867 2266 ,
871 2173 940 2272 fite
953 2196 1076 2247 aerum-¹
1110 2166 1116 2181 ⁸

106 2320 186 2362 nam
198 2295 306 2362 ridere.
324 2292 374 2361 Μ.
386 2292 560 2384 Regulum,
576 2291 612 2357 C.
634 2290 797 2376 Marium,
810 2288 847 2356 L.
866 2287 1022 2368 Brutum,
1035 2287 1073 2363 ob

105 2404 299 2473 liberandam
311 2400 452 2490 patriam
466 2396 658 2487 interseilurn
668 2447 678 2484 ,
685 2413 847 2489 praetereo.
864 2397 963 2464 nolim
977 2395 1013 2461 in
1027 2395 1071 2461 iis

105 2510 388 2582 commemorandis
402 2509 516 2577 nimius
532 2507 645 2592 videri,
655 2531 786 2598 quorum
799 2507 906 2586 exitus
920 2530 1009 2573 nemo
1022 2503 1076 2608 est,
1113 2492 1116 2498 “

106 2623 187 2713 quin
209 2645 249 2689 ex
268 2619 368 2703 libris,
382 2618 573 2711 imaginibus
586 2665 597 2702 ,
603 2615 701 2706 firma
721 2617 849 2708 danique
864 2615 988 2708 uulgari
1009 2616 1075 2683 iam

106 2731 261 2799 didicerit.
276 2720 354 2820 quai
366 2754 433 2798 ctam
448 2729 565 2814 multa,
578 2714 774 2819 maximiane
784 2725 970 2823 grauiastnt
977 2751 992 2809 ;
1005 2750 1074 2819 gra·

106 2832 262 2935 uiffimum
280 2861 384 2906 ramere
408 2838 495 2941 illud
505 2839 590 2905 debet
601 2837 696 2906 uideri
705 2888 717 2923 ,
730 2840 815 2928 quod
830 2835 1071 2907 ltomirtt'ambi·

106 2949 209 3018 tionis
223 2949 357 3015 vinculis
380 2947 513 3027 irretito,
528 2945 667 3037 quiquee
685 2944 893 3035 popularibus
907 2941 1074 3039 sttfflagiis

107 3078 195 3155 totus
214 3057 364 3146 pendeat,
376 3055 465 3151 ¹rtileil
484 3079 617 3146 usquam
643 3052 805 3142 infelicius
831 3054 953 3143 reperiri
968 3053 1076 3152 potest.

107 3188 248 3260 quantus
262 3168 298 3232 in
314 3191 348 3233 eo
363 3167 475 3253 timor,
492 3167 611 3258 quanta
631 3167 802 3251 dubitatio,
817 3187 955 3258 quantus
967 3192 1074 3267 ¹cona·

108 3299 162 3346 tus
176 3328 186 3361 ‚
199 3296 319 3366 quanta
327 3272 510 3364 sollicitudo
518 3277 537 3343 l
550 3296 585 3342 ut
602 3276 724 3341 nullam
740 3275 792 3341 illi
809 3301 831 3343 a
856 3275 990 3375 molesia
1013 3304 1074 3347 ua·

109 3410 202 3456 tuam
218 3379 271 3480 effe
286 3385 410 3469 loram,
426 3409 492 3452 non
503 3381 982 3485 immeritosuspicaripoffimus.
996 3412 1073 3454 narn

98 3493 308 3592 fijirvierttis
321 3495 408 3593 caesl
429 3496 586 3580 conditio,
600 3517 636 3562 ut
648 3520 689 3563 ex
706 3497 790 3580 eius,
804 3500 855 3566 teti
867 3497 989 3590 seruit,
1002 3522 1072 3564 mo·

88 3606 214 3686 ribus,
228 3607 408 3689 voluntate,
423 3603 547 3695 ingenio
566 3605 729 3693 propriam
741 3602 808 3700 fibi
819 3604 987 3695 fortunam
1000 3605 1073 3693 firt-
1103 3605 1104 3608 '

105 3735 165 3810 gat
172 3739 190 3799 ,·
203 3713 257 3809 qui
267 3715 384 3805 populo
390 3711 525 3805 serviet,
538 3713 652 3801 arido,
665 3713 774 3786 invido
785 3765 797 3805 ,
808 3715 916 3817 ἰὸιιιιιο
922 3764 936 3807 ,
948 3715 994 3788 ad
1004 3738 1075 3796 mua
1168 3802 1170 3807 Ι
