2348 4238
88 329 92 336 η
179 178 253 326 9(
343 158 666 299 Ιπῖνιετοιιηωιιὶ
690 218 757 291 nn
780 216 994 291 rancum

321 403 476 475 CIC
500 401 622 472 ERO
653 397 882 470 ATTICO
906 399 939 470 S

131 558 135 565 Ι
185 635 240 703 14.
257 480 448 692 SEXTO
464 605 539 677 Kal.
562 604 674 703 accepi
687 631 705 677 a
718 603 893 678 Dolabella
915 512 1047 691 lileras,
1060 615 1131 699 qua'
1164 600 1172 690 f

99 801 107 813 ἱ
167 746 255 793 ,rum
269 716 466 813 exemplum
487 713 547 787 tibi
572 714 858 811 misr31nquibus
880 731 965 798 etat,
981 710 1132 786 omniale

182 829 313 916 fecille,
333 854 416 925 quae
430 845 466 898 tu
485 827 597 900 velles.
614 824 768 897 statim
739 851 771 897 er
789 823 957 923 rescripsi,
980 842 1014 895 et
1027 823 1135 896 multis
1167 821 1172 862 ¹

181 940 292 1015 verbis
304 939 419 1036 gratias
430 939 493 1036 egi.
508 937 562 1010 sed
575 933 683 1010 tamen
695 991 706 1023 ,
718 963 759 1009 ne
774 938 966 1024 miraretur,
981 960 1042 1009 cur
1055 933 1135 1008 idem
1169 934 1172 1025 ξ

181 1049 303 1123 lterum
322 1048 484 1135 facerem,
506 1047 570 1120 hoc
594 1047 706 1120 causae
728 1045 844 1134 sumsr,
863 1044 1019 1142 quodex
1040 1064 1072 1117 te
1092 1043 1134 1139 in

182 1157 221 1231 so
239 1183 350 1231 coram
366 1181 460 1231 antea
475 1157 558 1228 nihil
577 1155 749 1252 potuillem
765 1153 977 1254 cognoscere.
992 1154 1049 1228 sed
1063 1149 1134 1253 quid
1170 1153 1172 1197 ²

183 1267 313 1342 multa?
336 1267 444 1340 literas
459 1265 526 1339 hoc
545 1267 700 1361 exemplo
719 1265 806 1337 dedi.
892 1302 896 1307 ·

182 1462 403 1534 creato
438 1405 846 1535 DOLABELLAE
870 1459 992 1533 cos,
1017 1457 1131 1531 sno.

183 1596 436 1772 ›iANTEA
453 1716 530 1764 cunt
553 1718 613 1790 per
636 1695 745 1769 literas
771 1666 872 1768 llttici
896 1692 1000 1765 nollri
1022 1693 1130 1765 detur

68 1852 86 1879 ι.
182 1806 344 1880 »summa
366 1805 579 1894 liberalitate,
605 1805 801 1905 summoque
824 1830 901 1903 erga
922 1803 953 1877 se
976 1800 1130 1876 beneficio

62 1918 64 1922 ⁴
157 1923 161 1931 '
183 1915 342 1991 »certior
359 1915 461 1988 fastus
478 1914 596 2001 effem3
619 1927 763 2013 cumque
780 1915 899 2012 tuipse
916 1915 1016 1989 etiam
1030 1914 1070 1984 ad
1087 1933 1130 1995 me

60 3063 65 3089 t
182 3049 203 3090 n
218 3018 374 3093 omnibus
388 3017 497 3106 enirn,
512 3018 558 3088 mi
572 3017 768 3108 Dolabella,
781 3017 891 3090 studiis
905 3021 938 3090 in
953 3046 1028 3110 me,
1042 3029 1074 3092 e't
1084 3018 1130 3091 os·

183 2056 206 2096 n
219 2024 411 2123 scripsrlles,
432 2046 465 2096 te
492 2020 602 2096 fecitte
628 2049 689 2113 ea,
714 2051 798 2122 quae
818 2051 881 2098 nos
903 2023 1129 2098 voluissemus:

183 2167 206 2224 s>
219 2136 274 2234 egi
298 2135 358 2210 tibi
378 2136 495 2230 gratias
512 2160 572 2231 per
591 2134 698 2207 literas
715 2135 904 2226 iisverbis,
926 2158 967 2210 ut
981 2135 1130 2232 intellige·

183 2276 206 2316 n
220 2271 291 2331 res,
304 2244 385 2315 nihil
396 2267 428 2316 te
442 2244 523 2316 mihi
539 2245 660 2341 gratius
673 2244 783 2317 facere
798 2245 948 2342 potuisse.
962 2236 1130 2343 postea’ve
1170 2246 1172 2251 ’

184 2386 207 2432 n
220 2362 260 2428 io
277 2376 376 2453 quam
395 2353 463 2452 ipse
482 2356 609 2427 Atticus
627 2355 667 2426 ad
686 2381 740 2428 me
759 2355 852 2429 venit
872 2356 907 2427 in
920 2355 1129 2429 Tusculanum

71 2452 82 2460 ⁶
155 2486 158 2491 ’
183 2499 206 2540 n
220 2468 315 2541 huius
330 2466 426 2539 unius
440 2468 489 2541 rei
502 2466 613 2557 causa,
629 2467 690 2540 tibi
705 2487 743 2540 ut
760 2454 847 2565 aputl
862 2492 915 2541 me
936 2468 1055 2565 gratias
1068 2493 1129 2565 age·

137 2640 140 2645 ,
184 2606 207 2648 n
220 2597 287 2667 ret,
306 2593 343 2648 ut
364 2576 458 2648 cuius
478 2576 632 2647 eximiam
655 2576 841 2674 quandam,
859 2595 893 2650 et
913 2576 1129 2650 admirabilem

183 2716 205 2758 n
220 2687 255 2758 in
277 2688 369 2760 causa
387 2685 557 2757 Buthrotia
576 2688 799 2774 voluntatem,
820 2703 852 2757 et
875 2684 1067 2783 singularem
1088 2712 1129 2758 er·

182 2823 204 2866 s>
217 2821 256 2894 ga
271 2796 302 2866 se
314 2810 461 2866 amorem
476 2793 708 2890 perspexillet3
723 2795 827 2877 teneti
844 2820 912 2865 non
928 2797 1046 2890 potui,
1059 2797 1130 2894 quin
1168 2786 1171 2791 ⁵

182 2936 205 2983 >t
222 2907 282 2980 tibi
300 2905 441 3000 apertius
463 2905 544 2975 illud
564 2906 651 2976 idem
676 2905 724 2975 his
746 2904 847 2976 literis
869 2903 1078 2979 declararem.
1098 2929 1130 2978 ex

182 3157 204 3196 >t
220 3127 324 3216 liciis,
339 3154 423 3224 quae
436 3130 560 3199 summa
573 3127 664 3213 sunt,
681 3129 746 3199 boc
762 3127 842 3200 scito
864 3129 944 3200 mihi
961 3151 993 3202 et
1011 3127 1130 3226 amplis·

183 3267 205 3307 r>
219 3237 336 3309 simum
351 3237 458 3311 videri
472 3258 526 3324 ‚et
546 3239 760 3334 gratissimum
775 3241 857 3326 elle,
875 3242 967 3340 quod
991 3243 1129 3340 perfece-

182 3376 204 3424 u
217 3346 282 3431 ris,
294 3364 331 3418 ut
349 3346 477 3418 Atticus
491 3346 705 3445 intelligeret,
720 3370 877 3446 quantum
893 3378 956 3448 ego
972 3375 1026 3441 te,
1042 3374 1172 3450 quam

183 3485 205 3524 >a
221 3475 256 3528 tu
279 3481 334 3528 nte
353 3480 485 3528 amares.
503 3457 597 3568 quod
617 3458 779 3555 reliquum
801 3459 863 3548 ell,
883 3461 1090 3532 Buthrotiam
1105 3476 1172 3530 et

182 3591 203 3629 n
218 3564 344 3639 caulam
357 3583 390 3638 et
403 3565 583 3655 civitatem,
598 3591 797 3688 quamquam
810 3595 828 3639 a
841 3589 873 3639 te
888 3571 1063 3643 constituta
1077 3567 1126 3655 ell,

184 3671 521 3770 »(beneliciaautetn
536 3673 648 3748 nostra
661 3696 744 3750 tuen
761 3675 946 3778 tolonum)
962 3699 1071 3754 tamen
1084 3701 1125 3751 ve
1167 3694 1172 3743 t
