2348 4238
65 208 67 213 ’
117 217 118 220 Ὺ
170 280 205 346 4
301 252 718 327 ιιιιιοιιιιιιιιιι)
739 246 974 331 trucum

38 473 43 516 .·
164 398 397 516 'fellito’ellem
421 440 455 490 et
477 422 512 488 in
534 420 585 490 his
606 418 740 515 quidem
767 420 898 522 rabulis.
920 447 937 490 a
960 420 1139 518 mesigitur

73 546 78 554 '
150 549 153 557 '
167 527 294 602 omnia.
308 530 401 624 quod
414 531 485 601 dies
498 529 636 626 longior
650 528 696 600 est
703 528 912 626 ,(teneamus
924 532 1030 601 modo
1043 533 1140 628 quod

162 638 328 709 volumus
337 635 371 733 ,)
389 656 472 734 puto
487 637 560 708 fore
576 637 667 707 istam
689 638 788 708 etiam
811 663 828 706 a
843 659 1009 732 praecone
1025 639 1140 729 diem,

14 752 16 757 ’
166 767 257 833 certe
268 750 310 821 ab
324 750 511 822 heredibus.
531 749 586 819 De
599 749 719 846 Crispo
730 772 763 821 et
779 747 897 819 Mulle'
891 773 951 818 a
931 749 1086 821 videbis:
1079 772 1137 822 ·et

165 859 268 932 velim
281 861 363 931 scire
368 883 480 956 ‚quae
494 859 532 930 (ιι
544 884 619 954 pars
634 860 791 931 duorum
816 861 873 932 De
886 840 976 932 Bruti
990 863 1138 936 adventu
1165 898 1171 907 ·

158 993 268 1042 eram
273 969 373 1058 faetus
387 969 520 1041 certior.
534 969 685 1044 attulerat
703 972 795 1042 enim
808 970 849 1040 ab
870 995 912 1041 eo
926 973 1084 1068 Aegypta
1096 974 1139 1044 li·

163 1084 277 1156 bertus
299 1081 417 1155 literas.
432 1080 512 1153 min
531 1081 573 1153 ad
598 1105 631 1155 re
656 1080 852 1177 epistolam,
872 1080 953 1178 quia
978 1104 1137 1157 commo-

162 1193 209 1267 ’ἀι
230 1192 349 1289 scripta
368 1210 448 1264 erat.

290 1351 570 1439 ¹ercurio
633 1348 876 1422 trrrco
934 1351 966 1423 s.
1065 1404 1070 1415 .

32 1519 37 1526 ¹
161 1564 199 1635 .4.
215 1447 428 1620 Htssuo'
448 1548 567 1626 munus
586 1567 605 1620 a
622 1560 655 1616 te
674 1543 878 1615 elaboratum
902 1543 1018 1617 decem
1041 1544 1132 1644 lega-

162 1669 303 1738 torum3
317 1654 496 1748 etquidem
516 1671 612 1748 puto.
630 1677 707 1724 nam
725 1651 811 1725 filius
827 1679 917 1747 enno
932 1650 1008 1750 post¹
1026 1653 1134 1752 quae·

141 1822 143 1827 ,
162 1762 234 1833 ‘fior
249 1756 331 1852 fuit,
348 1760 446 1860 uuam
461 1761 575 1858 consul
587 1761 780 1833 Mummius.
810 1763 873 1833 Sed
887 1765 1048 1860 quoniam
1067 1766 1136 1838 sae·

35 1863 40 1872 ¹
123 1863 127 1871 ’
159 1873 237 1969 pius
257 1872 298 1944 de
313 1872 505 1943 nominibus
522 1872 673 1970 quaeris,
694 1871 775 1968 quid
797 1873 943 1968 placeam
960 1902 1024 1973 ego
1045 1903 1134 1974 quo.
1166 1884 1171 1889 ·

45 2017 68 2091 Ι·
112 1968 115 1975 ’
159 2007 231 2079 que
257 1981 319 2054 tibi
350 1980 474 2078 saepius
497 1981 707 2078 respondeo,
732 1981 871 2076 placere.
907 1985 1040 2084 Siquid
1068 1994 1136 2085 poi

159 2090 242 2161 teris
265 2116 340 2190 cum
368 2089 506 2175 Pisone,
534 2088 692 2163 conficies
701 2116 715 2161 ,ι
750 2089 856 2161 Avius
883 2092 972 2163 enim
996 2093 1132 2170 videtur

23 2197 43 2284 '⁸
74 2188 79 2198 ⁵
138 2196 142 2203 ’
163 2199 200 2271 in
219 2200 333 2271 officio
354 2199 492 2272 suturuS.
509 2201 714 2275 Velim.rinte
734 2198 857 2294 pollis:
876 2199 896 2268 fi
917 2201 1048 2293 minus,
1063 2207 1131 2278 uti-

162 2336 229 2409 que
244 2311 337 2383 fimul
356 2312 473 2396 fimus,
488 2338 563 2384 cum
579 2313 697 2384 Brutus
708 2310 823 2382 veniet
836 2309 871 2382 in
895 2312 1132 2389 Tusculanum.

64 2446 67 2451 ·
163 2424 274 2521 magni
292 2416 422 2497 interest
439 2448 534 2514 mea,
551 2449 616 2494 una
634 2445 696 2492 nos
717 2418 806 2525 elie..
821 2420 902 2494 scies
925 2441 1055 2514 autem,
1074 2429 1131 2524 qui

162 2534 262 2606 dies
253 2560 281 2607 rs
303 2533 432 2611 futurus
454 2533 515 2622 sit,
530 2533 696 2692 fipuero
720 2531 892 2627 negotium
916 2533 1067 2625 dederis,
1096 2555 1132 2610 ut

162 2660 307 2742 quaerat.
558 2684 561 2690 ·

376 2750 595 2823 CICERO
620 2750 852 2823 ATTICO
881 2752 912 2823 S

28 3008 31 3012 .
155 2836 316 3046 5.SP.
329 2945 531 3021 Mummium
545 2963 696 3043 putaram
708 2944 869 3018 indecem
884 2944 1000 3043 legatis
1015 2945 1126 3024 fuisset

108 3116 132 3135 -.
161 3057 218 3132 sed
238 3059 406 3134 videlicet.
424 3056 601 3134 etenimu
571 3093 601 3131 ευ
604 3090 676 3151 ιγ
679 3092 691 3131 ν
709 3054 801 3127 fram
823 3053 927 3128 fuille.
938 3055 1012 3127 suit
1036 3059 1141 3130 enim·

101 3160 106 3170 ’
159 3170 203 3241 ad
220 3169 433 3243 Corinthum.
452 3166 527 3239 misr
550 3165 612 3238 tibi
631 3166 854 3261 Torquatum.
876 3164 1071 3261 colloquere
1091 3185 1130 3238 tu

47 3270 68 3319 ‘-
159 3279 296 3376 quidem
310 3301 386 3350 cum
401 3276 499 3364 Silio,
511 3294 548 3347 ut
560 3274 691 3359 scribis,
704 3292 738 3347 et
751 3296 841 3369 urge.
859 3270 948 3347 illam
964 3273 1054 3346 diem
1067 3300 1129 3347 ne·

64 3470 65 3474 ¹
158 3378 256 3487 gabat
270 3387 336 3462 else
354 3385 464 3458 mense
484 3385 595 3469 Maio,
614 3383 709 3455 istam
727 3407 799 3454 non
817 3382 966 3478 negabat.
994 3382 1050 3454 sed
1073 3402 1126 3470 tu,

38 3582 40 3588 ¹
98 3515 195 3579 ,ιιι
209 3498 344 3586 omnia,
360 3495 443 3568 istuc
462 3519 599 3592 quoque
618 3517 694 3589 ages
714 3489 897 3586 diligenter.
921 3489 977 3561 De
1000 3490 1126 3588 Crispo

157 3623 193 3679 et
210 3604 371 3697 Mustela,
393 3603 517 3677 scilicet
541 3624 621 3677 cum·
640 3600 725 3699 quid
747 3599 863 3696 egeris.
887 3599 1061 3691 Quoniam
1080 3601 1124 3673 ad

156 3715 257 3791 Bruti
270 3715 453 3844 advenum
476 3695 550 3788 fore
573 3731 608 3787 te
631 3708 810 3856 nobiscum
831 3704 1022 3804 polliceris,
1047 3709 1123 3784 satis
